2990 4824
737 195 778 254 24

653 281 860 290 -——-—-———-

89 436 95 448 ·
189 399 297 482 poesis
321 397 490 481 generibus
513 399 546 462 in
569 398 731 463 choricam
754 419 853 462 novos
876 419 1027 464 numeros
1058 404 1091 462 et
1120 398 1250 464 ordines
1277 401 1332 463 in-

190 511 334 591 duxerit,
363 509 420 574 sed
450 515 483 574 et
512 511 581 603 ipse
613 511 772 575 invenisse
803 510 966 593 putandus
996 511 1048 575 sit.
1080 511 1192 593 Neque
1214 515 1331 576 tamen

190 623 296 686 minus
318 622 426 686 meriti
449 626 484 687 et
505 622 612 686 laudis
634 622 710 686 inde
733 623 845 705 petiit,
870 622 956 704 quod
977 623 1011 686 in
1034 623 1265 706 componendis
1288 643 1331 688 ex

119 780 123 786 ,
190 734 251 798 hac
274 714 368 816 suasi
390 735 529 798 materia
551 735 687 798 metrica
710 739 743 798 et
766 733 963 799 adornandis
988 735 1129 817 strophis
1154 735 1327 816 maximos,

192 845 219 908 si
246 849 361 928 poetas
389 845 514 926 priores
541 845 745 928 respicimus,
777 865 967 928 progressus
995 845 1081 910 fecit.
1113 846 1197 910 Nam
1227 867 1329 929 quum

191 956 370 1020 carminum
393 955 594 1021 choricorum
619 962 694 1021 ante
710 957 898 1022 Alcmanem
914 964 1028 1040 poetas
1042 962 1153 1040 partes
1168 957 1329 1041 'quasdam

191 1072 224 1133 et
246 1069 416 1151 pericopas
439 1067 624 1132 distinxisse
648 1074 791 1149 constet,
809 1070 842 1134 id
860 1069 947 1152 quod
963 1070 1136 1133 coniuncta
1152 1069 1328 1134 saltatione

191 1179 431 1261 requirebatur,
448 1185 593 1244 attamen
608 1181 777 1245 metricam
792 1182 936 1264 partium
952 1180 1139 1245 diuisionem
1151 1202 1329 1264 agnoscere

192 1312 257 1358 non
272 1311 452 1374 possumus.
474 1292 579 1356 Erant
595 1294 740 1357 carmina
753 1290 835 1356 nurci
849 1286 958 1374 στίχον
974 1313 1057 1375 quae
1071 1297 1227 1358 vocantur
1243 1313 1329 1356 com-

190 1404 314 1486 posita,
337 1404 386 1467 ito
408 1408 445 1467 ut
467 1403 556 1468 nullo
579 1404 698 1468 indicio
723 1404 918 1487 rhythmico,
939 1403 995 1468 ubi
1013 1403 1086 1467 finis
1101 1405 1329 1487 pericoparum

176 1511 290 1595 essct,
315 1513 561 1597 significaretur.
586 1515 754 1580 Eiusmodi
779 1516 923 1581 carmina
946 1518 1044 1580 etiam
1059 1516 1207 1580 Alcmani
1229 1515 1330 1598 scrip-

191 1633 299 1692 torum
329 1632 475 1690 veterum
507 1629 701 1692 testimoniis
730 1628 934 1708 tribuuntur,
968 1649 1051 1710 quae
1081 1627 1231 1709 strophas
1261 1627 1330 1690 eius

190 1739 393 1804 isometricas
425 1746 686 1804 commemorant.
721 1741 773 1805 Ita
803 1741 1076 1824 Hephaestion11)
1106 1732 1247 1820 Ἀλκμὰν
1276 1737 1330 1802 καὶ

192 1844 270 1927 ὅλας
292 1849 437 1940 στροφὰς
458 1845 562 1934 τούτῳ
583 1855 630 1934 τῷ
650 1849 758 1939 μέτρῳ
782 1852 927 1939 (tetram.
947 1852 1065 1935 dactyl.
1082 1851 1214 1935 acatal.)
1237 1873 1329 1914 κατε-

190 1960 356 2050 μέτρησεν.
380 1963 505 2027 Horum
521 1984 649 2045 quoque
669 1965 848 2028 carminum
870 1965 1041 2047 pericopas
1065 1963 1236 2026 distinctas
1260 1983 1329 2026 esse

191 2074 351 2153 videmus,
367 2095 433 2138 non
445 2079 554 2140 tamen
569 2076 697 2138 ratione
709 2077 861 2163 metrica,
879 2075 935 2140 sed
951 2077 1017 2139 sive
1033 2074 1188 2139 tibiarum
1203 2073 1328 2137 fidium-

192 2207 254 2268 que
279 2191 378 2250 cantu
402 2187 467 2251 sive
490 2187 554 2252 alio
577 2186 683 2251 modo.
717 2185 756 2250 Id
779 2186 908 2268 quidem
931 2207 996 2250 non,
1020 2185 1262 2269 despiciendum
1285 2187 1330 2248 vi-

193 2298 288 2362 detur
311 2319 394 2377 esse,
424 2298 511 2380 quod
540 2298 682 2362 Ulricius
712 2295 905 2382 affirmat,²)
935 2297 1159 2380 Terpandrnm
1188 2299 1329 2381 primum

195 2409 346 2492 strophas
368 2411 509 2474 musicas
533 2410 765 2489 construxisse,
796 2411 818 2473 i.
841 2430 868 2474 e.
891 2409 988 2474 finem
1010 2411 1237 2493 pericoparum
1261 2431 1330 2474 car-

191 2521 287 2586 minis
309 2519 392 2586 κατά
413 2519 523 2605 στίχον
539 2523 727 2605 compositi,
745 2542 828 2603 quae
846 2523 958 2586 metris
977 2543 1041 2586 non
1058 2527 1150 2586 erant
1166 2520 1329 2600 definitae,

191 2633 288 2698 modo
315 2635 437 2698 musico
466 2633 684 2716 descripsisse.
715 2633 927 2698 Metricarum
949 2655 1024 2698 vero
1048 2633 1255 2716 stropharum
1283 2634 1330 2697 in-

191 2746 299 2810 ventio
323 2745 471 2810 Alcmani
497 2743 670 2810 tribuenda
699 2749 763 2825 est,
793 2765 990 2826 quamquam
1024 2745 1122 2810 etiam
1149 2747 1184 2808 in
1210 2744 1273 2808 hac
1295 2767 1330 2809 rc

194 2850 267 2923 eum
294 2857 357 2921 dici
380 2859 483 2939 possit
498 2856 742 2935 Archilochum,
767 2856 822 2938 qui
845 2856 957 2940 epodis
979 2863 1011 2921 et
1033 2863 1135 2921 metro
1153 2855 1328 2942 elegiacc³)

194 2969 333 3054 speciem
357 2969 521 3052 quandam
545 2969 766 3051 stropharum,
793 2989 874 3051 quae
896 2970 983 3053 apud
999 2969 1186 3035 Alcmanem
1203 2989 1330 3051 quoque

194 3081 351 3162 occurrit,
376 3082 570 3161 excoluerit,
593 3081 756 3146 imitatum
780 3102 858 3145 esse.

280 3194 353 3258 Huc
375 3193 581 3258 referendum
604 3199 653 3258 est
682 3198 820 3256 metrum
851 3193 937 3276 quod
966 3192 1085 3257 dicitur
1109 3193 1328 3273 Alcmanium,

194 3327 235 3371 ox
262 3306 392 3371 Horatii
420 3305 616 3370 carminibus
644 3309 773 3386 notum,
803 3307 837 3369 in
866 3326 929 3387 quo
953 3326 1082 3370 versum
1104 3305 1269 3371 heroicum
1293 3311 1330 3370 ut

194 3419 316 3504 epodus
338 3424 528 3484 tetrameter
544 3417 725 3501 dactylicus
742 3419 901 3500 sequitur.
925 3418 1031 3482 Aliam
1047 3417 1233 3482 huiusmodi
1249 3423 1331 3482 stro-

194 3531 292 3616 pham
322 3537 401 3616 puto
432 3552 520 3611 eam,
555 3551 638 3614 quae
670 3536 719 3595 est
748 3531 783 3594 in
813 3530 932 3614 hymno
963 3531 997 3594 in
1029 3529 1138 3595 lovem
1168 3530 1330 3614 Lycaeum

287 3843 304 3910 ¹)
322 3841 462 3898 Euchirid.
480 3859 507 3910 p.
525 3841 566 3895 40.
603 3842 652 3896 cfr.
671 3842 723 3910 frg.
741 3842 782 3895 45.
798 3874 830 3881 —
847 3841 922 3895 Idem
939 3841 1040 3908 legitur
1057 3840 1129 3910 apud
1145 3841 1255 3894 Maxim.
1273 3840 1332 3894 Pla·

196 3931 259 3987 nud.
277 3931 310 3984 V.
328 3947 354 3999 p.
373 3929 431 3982 510.
451 3929 492 3982 ed.
510 3922 597 3982 Wal.

284 4037 305 4100 2>
324 4035 358 4087 11.
376 4050 403 4102 p.
422 4033 481 4087 err.
544 4107 546 4112 .

285 4140 305 4209 ³)
324 4139 398 4193 cuius
417 4136 598 4191 inventionem
617 4139 642 4190 ei
660 4154 676 4192 a
691 4137 829 4192 nonnullis
845 4137 928 4191 tribui
940 4136 1101 4190 Plutarchus
1114 4140 1207 4190 ramat
1219 4134 1252 4190 de
1265 4151 1332 4189 mus.

194 4233 223 4296 p.
242 4225 320 4293 21,3.
357 4225 404 4278 cfr.
423 4223 539 4278 Liebel
558 4241 585 4293 p.
603 4225 645 4278 28.

1466 507 1468 572 l
