2990 4824
729 303 747 362 6

257 509 348 576 Haeo
371 514 446 571 sunt
470 529 552 589 quae
576 529 614 571 ex
641 513 785 571 veterum
814 508 942 590 seriptis
968 527 1027 589 pro
1049 505 1171 571 tuenda
1193 515 1305 573 nostra

171 621 332 685 sententia
355 618 463 683 afferri
485 625 622 700 possunt
644 618 732 681 haud
761 619 846 680 levia
874 623 960 682 certe
987 617 1174 681 testimonia
1199 641 1305 701 neque

171 754 254 814 qnae
278 731 372 794 facile
396 728 639 814 evertantur31)
665 729 722 793 sed
745 729 914 792 audiamus
937 729 1037 792 etiam
1060 734 1204 811 oportet,
1235 732 1306 812 qui-

170 843 307 907 busnam
343 843 542 923 argumentis
577 842 682 905 altera
716 842 877 904 sententia
903 838 943 904 ab
973 840 1167 904 adversariis
1198 842 1306 906 defen-

162 953 279 1017 datur.
308 953 346 1016 In
369 941 481 1015 eodem
507 951 639 1016 Eusebii
669 952 829 1016 Chronico
852 952 951 1015 etiam
979 951 1022 1015 ad
1050 952 1176 1035 Olymp.
1200 953 1299 1020 XLII.

172 1069 189 1128 2
215 1066 305 1148 (le)
329 1064 465 1128 Alcman
487 1062 643 1142 refertur,
667 1061 722 1125 ubi
745 1062 824 1126 haee
847 1062 1053 1146 legunturzly
1073 1056 1213 1143 Ἀλκμὰν
1225 1059 1306 1128 κατά

169 1200 257 1252 τινας
280 1172 476 1261 ἐγνωρίζετο,
502 1175 588 1257 quod
611 1174 826 1256 Hieronymus
850 1175 967 1237 vertit:
982 1173 1006 1258 ³)
1033 1175 1167 1238 Alcman
1183 1182 1220 1240 ut
1237 1178 1306 1258 qui-

169 1288 306 1352 busdam
337 1287 465 1351 videtur
495 1287 689 1368 agnoscitur.
724 1286 821 1350 Cuius
848 1286 911 1350 loci
942 1287 1119 1349 auotoritas
1151 1287 1191 1350 iis
1223 1308 1306 1368 quae

170 1399 282 1464 addita
305 1404 380 1462 sunt
402 1396 507 1461 verbis
529 1391 610 1460 κατά
628 1419 717 1471 τινας
746 1397 796 1482 (ut
818 1396 1012 1477 quibusdam
1034 1397 1174 1483 ridetur)
1203 1400 1306 1463 multo

170 1512 340 1588 minuitur,
365 1529 463 1590 quum
486 1530 590 1590 neque
612 1507 787 1571 Eusebium
809 1529 913 1588 neque
929 1508 1161 1590 Hieronymum
1181 1510 1210 1573 ei
1233 1531 1307 1572 nar-

170 1621 292 1685 rationi
314 1641 460 1685 assensos
484 1640 552 1684 esse
574 1641 633 1682 nec
656 1624 726 1682 tam
747 1624 913 1700 procerte
933 1639 1030 1701 quam
1053 1641 1152 1702 supra
1170 1621 1306 1685 allatam

170 1732 337 1811 habuisse,
361 1754 400 1795 ex
422 1733 493 1813 ipso
517 1729 687 1794 verberum
712 1735 865 1794 contextu
889 1736 1057 1813 appareat.
1082 1732 1239 1796 Auctores
1256 1719 1308 1797 vess

170 1852 271 1924 tereS,
297 1864 434 1926 quorum
456 1864 494 1907 ex
517 1842 645 1923 scriptis
664 1841 821 1905 Eusebius
838 1842 877 1905 de
895 1842 1047 1905 Alcmene
1066 1842 1307 1926 chronologiam

169 1956 292 2034 hausit,
316 1954 379 2035 ipsi
402 1955 488 2016 inter
511 1974 544 2017 se
561 1954 753 2017 dissensisse
772 1953 939 2031 videntur3
960 1954 1015 2034 qui
1036 1960 1144 2018 autem
1162 1955 1305 2037 priorem

169 2067 364 2130 sententiam
381 2069 529 2144 tuentur,
554 2086 609 2128 eos
631 2071 669 2128 ut
691 2066 794 2145 magis
818 2071 923 2128 certos
946 2070 979 2127 et
1002 2064 1083 2128 fidos
1106 2071 1207 2129 testes
1231 2088 1304 2130 eum

170 2183 316 2242 secutum
340 2196 408 2239 esse
430 2177 464 2238 in
491 2181 644 2258 promptu
673 2181 730 2239 est.
762 2176 812 2239 Ad
840 2176 1064 2257 explicandam
1093 2176 1177 2240 hanc
1205 2179 1306 2259 scrip-

169 2295 277 2352 torum
310 2287 544 2351 dissensionem
574 2288 682 2350 variae
713 2292 849 2370 possunt
877 2288 1019 2351 rationes
1047 2286 1165 2352 afferri.
1201 2288 1305 2365 Quum

169 2399 317 2474 Alcman,
341 2419 436 2481 quem
458 2397 633 2462 admodum
656 2420 764 2462 senem
787 2404 949 2462 mortuum
974 2419 1041 2462 esse
1059 2400 1232 2483 conatast)
1247 2421 1306 2483 per

173 2513 347 2575 maximam
371 2516 498 2594 partem
516 2510 636 2574 saeculi
653 2511 781 2592 septimi
795 2508 955 2590 floruerit,
973 2511 1055 2573 alius
1071 2510 1171 2574 alium
1186 2533 1307 2574 annum

170 2624 280 2706 potuit
302 2629 459 2702 statuere,
484 2630 517 2688 et
540 2623 595 2706 qui
613 2623 755 2704 priorem
775 2621 929 2704 temporis
949 2623 1148 2688 notationem
1164 2645 1184 2687 a
1198 2625 1306 2688 iuven-

169 2736 249 2798 tutis
272 2736 380 2814 initio,
412 2735 557 2799 alteram·
574 2734 613 2798 ab
639 2757 722 2798 anno
745 2735 860 2797 mortis
882 2738 1054 2818 repetitam
1079 2758 1147 2802 esse
1171 2739 1305 2820 dixerit,

179 2911 351 2919 ——--.
371 2912 385 2916 .-

275 3013 293 3078 ι)
312 3011 394 3064 Aliud
412 3011 519 3064 maioris
539 3026 617 3078 quam
636 3008 783 3062 adversarii
810 3011 903 3063 volunt
920 3011 1016 3064 aetatis
1035 3013 1215 3066 testimonium
1234 3015 1304 3066 exsi-

171 3105 260 3164 steret,
280 3100 303 3150 si
321 3101 349 3151 in
362 3087 520 3167 ‘fragmento
537 3098 674 3151 Alcmunis
693 3113 780 3164 nuper
797 3104 905 3163 reperto
923 3098 1032 3166 (Bergk,
1051 3099 1126 3153 Poet.
1138 3099 1186 3168 lyr.
1201 3101 1246 3154 Gr.
1259 3101 1305 3153 III.

169 3201 194 3252 p.
222 3186 288 3237 1379
311 3199 350 3252 sq.
375 3184 416 3236 ed.
440 3185 497 3248 ΙΙΙ)
525 3201 549 3252 p.
573 3185 607 3237 ΙΙ.
627 3186 659 3234 14
681 3182 761 3235 lectio
781 3181 881 3256 Γύγου,
905 3199 983 3250 quam
1007 3184 1137 3252 reliquiae
1155 3186 1304 3238 litterarum

169 3275 332 3334 monstrant,
354 3269 463 3337 probari
481 3275 580 3336 posset.
617 3268 716 3320 Sensus
735 3268 779 3320 hie
798 3275 881 3333 esset,
906 3268 1021 3321 conferri
1042 3269 1174 3336 virginem
1192 3286 1208 3322 a
1226 3276 1306 3338 poeta

169 3354 304 3408 laudatam
323 3371 381 3407 cum
400 3354 486 3407 celere
499 3354 581 3422 Gygis
594 3368 677 3421 equo;
697 3371 774 3420 qumn
788 3354 1020 3422 comparationem,
1039 3354 1091 3406 nisi
1104 3354 1193 3406 vivum
1204 3355 1307 3422 Gygem

170 3446 197 3493 et
214 3441 243 3494 in
262 3445 407 3508 conspectu
427 3440 543 3491 omnium
562 3439 619 3490 eius
638 3453 735 3505 equum
754 3445 909 3504 statuamus,
928 3439 1082 3506 languidam
1102 3454 1168 3505 esse,
1189 3440 1247 3506 quis
1266 3447 1308 3494 est

169 3527 233 3594 quin
253 3526 373 3580 sentiat?
410 3525 493 3592 Atqui
513 3524 615 3591 Gygem
635 3523 738 3592 Olymp.
757 3525 874 3577 XXXIII
888 3525 1027 3593 Olympiae
1045 3525 1130 3578 stadio
1149 3525 1245 3577 vicisse
1263 3541 1307 3578 ve-

168 3619 241 3666 teres
258 3611 427 3665 tradiderunt
445 3611 505 3677 (cfr.
526 3610 643 3676 Corsini,
668 3611 740 3663 Fast.
760 3611 814 3665 Att.
834 3612 881 3666 ΙΙΙ.
900 3629 925 3680 p.
956 3614 1014 3679 53);
1042 3627 1094 3679 qua
1118 3611 1151 3664 de
1170 3627 1260 3678 causa,
1284 3613 1307 3665 si

168 3699 254 3752 teneri
276 3703 369 3766 posset
394 3698 460 3751 haee
485 3698 628 3766 scripture,
654 3714 759 3752 carmen
784 3699 872 3766 ipsum
895 3699 968 3751 haud
991 3699 1074 3751 multo
1092 3703 1154 3766 post
1172 3697 1307 3751 conditum

169 3799 227 3838 esse
246 3792 319 3837 recte
338 3784 563 3838 concluderemus.
595 3784 647 3837 Sed
668 3785 747 3836 lectio
762 3784 851 3860 Fusco
864 3784 1032 3851 repudienda
1051 3789 1099 3850 est,
1120 3800 1201 3853 quum
1219 3797 1306 3852 neque

169 3870 197 3922 in
215 3871 352 3924 Alcmanis
371 3871 492 3938 reliquiis
510 3886 598 3939 neque
616 3871 644 3922 in
663 3871 718 3922 ullo
731 3869 838 3922 dialecti
853 3871 960 3924 doricae
980 3869 1021 3921 vel
1039 3869 1157 3922 aeolicae
1176 3869 1308 3937 scriptore

169 3957 320 4024 exemplum
338 3957 418 4009 huius
436 3956 548 4023 genitivi
575 3957 675 4008 formae
694 3979 725 4013 oo
745 3956 906 4010 inveniatur.
942 3954 991 4007 cfr.
1010 3953 1158 4018 Ahrens,
1184 3954 1217 4006 de
1240 3956 1306 4024 ling.

170 4043 214 4096 Gr.
235 4042 341 4096 diolect.
359 4044 380 4098 Ι.
398 4060 424 4111 p.
446 4043 501 4093 111.

275 4138 295 4206 2)
314 4154 339 4205 p.
359 4140 399 4190 90.
420 4136 461 4190 ed.
480 4135 641 4192 Schoene.

275 4233 293 4300 3)
310 4248 336 4299 p.
356 4232 396 4283 91.
424 4231 456 4283 In
474 4230 599 4283 versione
617 4229 746 4283 Armenia
764 4229 830 4282 haec
847 4229 920 4282 linea
939 4229 1038 4283 omissa
1057 4235 1104 4282 est.

274 4328 293 4392 ΙΙ)
312 4327 358 4378 cfr.
378 4325 427 4394 lrg.
447 4325 489 4380 26.
