2990 4824
692 298 731 361 21

608 387 816 398 ———.

229 507 405 572 Praeterea
428 508 537 570 exstat
560 509 705 592 tripodis
725 511 949 593 anapaestico,
969 524 1052 588 quae
1071 502 1280 572 Archilochio

138 618 380 705 appellatur‚¹)
404 616 612 697 catalectico,
641 637 769 682 versum
793 618 993 683 constituens
1015 617 1077 700 frg.
1101 621 1151 698 50
1166 624 1198 683 et
1221 624 1278 701 91,

139 735 169 799 si
195 752 309 797 versus
336 730 456 812 integri
484 734 576 809 sunt3
605 730 748 812 itemque
770 728 831 812 hg.
856 735 907 810 87,
932 733 950 794 3
974 735 1008 794 et
1030 735 1066 810 4,
1096 730 1123 794 si
1146 730 1279 814 Bergkii

139 843 318 926 descriptio
341 841 437 905 metri
459 846 548 906 recte
566 861 600 906 se
618 839 771 928 hebew)
793 842 1280 928 coniunctacump1·aeoedenti

140 954 276 1039 dipodia
297 951 437 1018 iambica
458 952 520 1035 frg.
544 957 594 1016 20.
1334 1041 1335 1048 ἵ

228 1065 280 1130 Ad
302 1065 383 1129 haee
405 1065 606 1147 anapaestioi
627 1063 772 1148 rhythmi
793 1072 899 1130 metra
930 1065 1118 1131 Alcmenioa
1143 1071 1280 1132 vocatur

137 1181 337 1266 pentapodia
359 1181 548 1239 catalectiea
573 1175 731 1262 (Dimeter
749 1176 1011 1264 hypercatal.)‚³)
1035 1183 1171 1242 trimeter
1188 1195 1280 1242 cata-

138 1296 273 1368 lecticus,
303 1287 391 1372 quod
418 1285 668 1354 embater'iorum
691 1293 831 1354 metrum
854 1289 954 1375 est‚⁴)
984 1306 1159 1354 tetrameter
1186 1308 1276 1354 eata-

141 1408 280 1480 Iecticus,
303 1401 360 1484 qui
381 1400 480 1466 etiam
502 1400 663 1466 Latonius
685 1401 919 1488 appelletur.⁵)

232 1519 348 1576 Versus
371 1515 549 1596 togaoedici
576 1517 609 1576 et
636 1534 676 1578 ex
706 1513 857 1597 rhythmo
886 1513 1047 1597 dactylico
1075 1519 1108 1579 et
1136 1535 1175 1578 ex
1202 1535 1279 1578 ana·
1306 1581 1313 1595 ‚

139 1623 288 1711 paestieo
306 1624 416 1708 plures
439 1632 630 1706 occurrunt,
654 1626 752 1690 etiam
776 1645 849 1689 oum
870 1625 942 1690 basi
964 1632 997 1690 et
1019 1627 1190 1691 anaorusi:

229 1743 387 1819 Dactylic.
417 1743 518 1823 simpl.
551 1742 636 1824 dupl.
669 1742 816 1800 trochaic.
847 1742 945 1800 catal.
977 1757 1050 1801 cum
1079 1736 1151 1802 basi
1183 1741 1233 1818 37,
1258 1741 1276 1800 3

144 1850 271 1936 (versus
294 1849 498 1937 Glyconeus).

231 1965 319 2026 Idem
341 1988 444 2025 versus
467 1968 588 2026 acatal.
613 1987 677 2025 cum
702 1967 852 2026 anacrusi
878 1960 939 2045 frg.
964 1964 1004 2024 55
1033 1966 1067 2026 et
1089 1961 1277 2046 saepissime

139 2073 203 2156 frg.
231 2077 281 2136 16.

228 2191 356 2267 Dactyl.
387 2191 472 2274 Δωρί.
502 2191 586 2274 dupl.
618 2193 711 2250 trost.
741 2191 838 2250 catal.
869 2185 968 2250 semel
994 2186 1172 2266 invenitur,
1203 2207 1279 2251 oon·

136 2297 271 2362 iunctus
301 2320 374 2362 oum
401 2300 606 2364 antecedenti
634 2299 766 2384 dipodia
795 2297 935 2364 iambica
961 2298 1022 2380 srg.
1046 2300 1102 2380 60,
1127 2304 1156 2363 5.
1186 2299 1277 2365 Idem

136 2413 278 2473 metrum
301 2417 510 2474 acataleetum
532 2413 713 2497 (Aloaioum
734 2410 989 2498 deoasyilebnm)
1008 2411 1107 2476 semel
1129 2412 1277 2495 sequitur

136 2519 315 2586 dimetrum
336 2523 536 2607 dactylicum
559 2525 598 2588 fr.
623 2529 681 2603 34,
706 2530 735 2588 7.

21 2625 25 2634 ’
224 2640 355 2715 Dactyl.
387 2640 472 2722 depl.
503 2642 588 2723 tripl.
618 2643 712 2700 trost.
743 2653 827 2700 aeae.
858 2657 932 2702 oum
959 2635 1031 2701 hosi
1061 2636 1184 2720 legitur
1213 2636 1274 2720 srg.

139 2748 190 2826 60,
218 2750 232 2808 1
258 2752 292 2811 et
315 2749 345 2812 3.

225 2865 355 2939 Dactyl.
379 2865 464 2947 dupl.
488 2867 656 2949 quadrupl.
682 2867 776 2925 trech.
801 2867 922 2926 acatal.
946 2861 1007 2943 frg.
1032 2859 1120 2947 31.⁶)

224 2977 374 3052 Rhythme'
396 2978 575 3056 logaoede'ci
597 2981 800 3060 assapaestici
822 2974 906 3039 duae
930 2979 1059 3038 exstant
1077 2972 1215 3053 formae,
1236 2973 1278 3037 si·

136 3082 230 3146 miles
253 3091 357 3148 metro
381 3084 598 3162 Archebuleo,
622 3108 686 3170 quo
706 3087 894 3152 Alcmanem
917 3107 1011 3151 usum
1035 3106 1105 3150 esse
1128 3085 1278 3170 Hephae·

138 3196 225 3259 stion
251 3194 440 3284 affirmat.⁷)
477 3199 560 3265 Sunt
587 3199 647 3282 frg.
678 3204 729 3280 43,
757 3205 770 3262 l
797 3205 830 3263 et
854 3203 910 3278 61,
940 3199 997 3282 qui
1024 3197 1089 3262 duo
1118 3217 1230 3262 versus
1257 3217 1278 3262 a
1392 3257 1395 3264 .

138 3306 282 3389 spondeo
305 3309 485 3393 incipiunt:

139 3501 344 3510 ——.

230 3628 246 3695 ¹)
265 3628 315 3684 cfr.
331 3627 448 3683 Liebel
468 3647 495 3698 p.
509 3628 551 3682 28.

225 3731 247 3794 ²)
269 3729 317 3785 cfr.
335 3747 417 3800 supra
434 3750 460 3802 p.
482 3735 521 3784 17.

225 3833 247 3896 ³)
266 3831 314 3887 cfr.
332 3834 421 3888 Serv.
440 3852 465 3902 p.
487 3834 562 3886 1822.

225 3938 247 4005 ⁴)
266 3937 313 3992 cfr.
332 3938 367 3991 id.
385 3938 448 3992 ibid.
468 3940 536 3992 Mor.
556 3938 625 3993 vict.
644 3957 669 4008 p.
689 3939 764 3992 2522.

225 4042 247 4106 ⁶)
267 4040 355 4096 Serv.
374 4059 400 4110 p.
422 4042 495 4095 1822.
532 4041 713 4111 Hephaest
733 4060 757 4112 p,
777 4045 820 4099 46.

225 4145 249 4214 ⁰)
267 4145 307 4197 De
326 4144 378 4212 frg.
397 4145 443 4212 60,
456 4149 486 4210 4,
515 4159 593 4214 quem
611 4161 718 4199 versum
736 4148 911 4216 Bergkins
929 4149 963 4201 ad
982 4148 1033 4202 hoe
1051 4155 1165 4204 metrum
1182 4150 1277 4214 refert,

139 4230 187 4284 cir.
207 4246 288 4299 supra
307 4247 332 4298 p.
353 4233 384 4284 16
402 4239 458 4286 not.
480 4235 491 4285 1
513 4237 541 4284 et
557 4231 705 4300 Boeokh,
723 4233 852 4290 demetr.
871 4235 947 4288 Pind.
966 4253 991 4304 p.
1011 4236 1069 4290 135.

226 4336 247 4404 ἶ)
266 4351 293 4404 p.
312 4335 355 4390 49.
