2990 4824
732 250 773 308 46

651 337 857 345 -..-----.

272 455 377 536 Supra
399 454 563 518 Alcmanis
586 449 732 518 carmina
753 452 873 517 fabulis
900 451 1125 534 mythologiois
1154 451 1332 516 abundare

185 567 334 632 diximus.
345 565 371 651 1)
403 565 493 642 Quod
517 565 622 647 ipsum
645 566 672 628 si
694 565 822 647 ingenio
848 564 1100 646 Spartanorum,
1125 565 1180 645 qui
1204 562 1333 628 fabulis

185 680 328 761 antiquis
339 677 520 761 plusquam
532 698 662 742 suorum
672 682 854 758 temporum
865 676 1018 740 memoria
1029 674 1293 755 delectabantur,
1300 675 1331 761 ²)

185 791 306 874 optime
323 790 484 868 convenit,
508 789 606 852 etiam
630 789 733 870 magis
757 809 840 869 quae
864 787 1045 851 denatura
1068 770 1203 851 deorum
1227 794 1262 850 et
1287 787 1333 852 de

185 903 313 968 ratione
332 902 418 965 iuter
439 900 516 965 deos
535 906 568 964 et
585 899 730 964 homines
749 905 847 980 atque
868 899 1051 963 conditione
1072 900 1238 964 sententia
1257 900 1334 962 eius

186 1037 226 1080 ex
245 1013 434 1095 fragmentis
454 1011 674 1093 cognoscitur,
696 1012 866 1075 Laconicis
887 1013 991 1093 poetis
1014 1033 1089 1094 eum,
1108 1010 1335 1075 adnumerare
1413 1084 1416 1088 ,

187 1127 283 1209 cogit.
317 1125 426 1190 Unum
461 1123 544 1187 illud
577 1122 807 1204 fragmentum,
841 1123 928 1205 quod
960 1123 998 1186 de
1029 1123 1104 1186 Fati
1135 1123 1336 1204 genealogia

185 1237 278 1304 uobis
296 1243 459 1302 servatum
482 1242 532 1300 est
544 1256 550 1299 :
563 1236 588 1322 ³)

343 1377 463 1468 (Τύχα)
487 1375 648 1461 Εὐνομίας
669 1403 705 1444 τε
727 1381 781 1444 καὶ
804 1382 952 1456 Πειθοῦς
974 1375 1101 1468 ἀδελφά

340 1493 395 1558 καὶ
417 1491 633 1580 Προμαθείας
655 1488 816 1580 θυγάτηρ,

187 1633 376 1715 religionem
400 1631 545 1696 declarat
568 1653 665 1714 quam
687 1616 820 1714 prorsus
843 1631 1010 1719 ‘diversam
1039 1631 1080 1695 ab
1110 1631 1246 1696 Homeri
1278 1654 1337 1716 cy-

187 1746 404 1826 clicorumque
427 1751 597 1826 poetarum
620 1743 757 1808 fabulis!
789 1743 848 1807 Cui
875 1745 903 1807 si
934 1763 1158 1826 comparamus
1187 1742 1249 1826 frg.
1281 1749 1335 1808 16.

187 1858 264 1940 Pag.
289 1856 372 1937 11‚2
398 1876 462 1937 sq.:

447 1986 572 2059 ...Ἔστι
594 2017 644 2069 τις
666 1999 744 2058 σιῶν
765 1991 866 2068 τίως’

444 2104 477 2170 Ὁ
501 2106 528 2170 d’
542 2099 651 2190 ὄλβιος
674 2101 761 2182 daig
785 2099 912 2194 εὔφρων

446 2217 567 2306 ἁμέραν
590 2208 818 2284 dierstensi.

190 2381 287 2441 quarn
310 2357 446 2422 honesta
469 2356 510 2421 de
532 2357 666 2420 deorum
689 2359 796 2420 animo
821 2362 853 2421 et
875 2357 1017 2440 ingenio,
1047 2357 1086 2421 de
1115 2357 1251 2421 fortuna
1275 2359 1337 2424 ho-

190 2471 312 2536 minum
335 2469 476 2551 cognitio
503 2469 616 2551 paucis
642 2469 693 2533 his
716 2469 822 2534 verbis
850 2470 970 2534 elucet!
1001 2469 1120 2533 Notum
1151 2476 1215 2549 est,
1246 2471 1337 2534 hanc
1381 2545 1384 2550 Ι

189 2581 356 2664 religionis
380 2581 664 2645 commutationem
688 2587 720 2646 et
751 2582 1022 2661 emendationem,
1052 2603 1134 2665 quae
1156 2582 1336 2665 paullatim

190 2716 248 2777 per
266 2700 371 2758 tot-am
391 2692 562 2757 Graeciam
580 2692 724 2774 valebat,
742 2717 781 2759 ex
794 2694 882 2758 cultu
899 2694 1074 2777 Apollinis,
1091 2695 1336 2776 generosissimi

191 2804 324 2900 deorum
348 2804 560 2884 Graecorum,
584 2811 717 2869 enatam
740 2807 855 2889 esses)
888 2804 949 2881 Qui
979 2805 1084 2869 cultus
1114 2827 1212 2888 quum
1242 2807 1337 2889 apud

192 2917 339 2981 nationes
359 2917 495 2980 Doricae
517 2921 549 2980 et
568 2917 727 2998 imprimis
745 2918 833 3000 apud
850 2918 1122 2982 Lacedaemonios
1141 2918 1283 3000 primum
1300 2923 1337 2982 et

191 3029 331 3092 maxime
355 3026 503 3092 floruerit
523 3034 621 3109 atque
643 3029 797 3111 viguerit,
811 3030 837 3116 5)
856 3030 943 3112 apud
963 3030 1091 3094 eosdem
1111 3030 1336 3094 honestiorem

190 3141 282 3204 illam
305 3145 338 3204 et
356 3138 561 3204 emendatam
576 3139 764 3222 religionem
780 3143 921 3225 primum
933 3143 1085 3222 valuisse,
1104 3142 1243 3224 indeque
1259 3142 1335 3206 Alc-

191 3273 319 3316 manem
343 3273 413 3316 eam
437 3251 498 3315 sibi
520 3251 677 3332 induisse,
702 3260 955 3318 cousentaneum
979 3259 1038 3318 est.

278 3364 389 3428 Etiam
412 3363 550 3445 simplex
579 3364 637 3427 illa
665 3370 698 3428 et
725 3366 890 3431 interdum
919 3388 1037 3449 aspera
1060 3366 1230 3431 verborum
1262 3387 1336 3432 sen·

194 3477 431 3558 tentiarumque
460 3481 594 3557 natura,
626 3497 708 3557 quae
736 3477 883 3561 pluribus
906 3479 1097 3561 fragmentis
1120 3479 1335 3560 perspicitur,

286 3777 301 3845 ¹)
320 3778 369 3832 cfr.
385 3795 411 3846 p.
427 3781 469 3832 39.
491 3808 518 3818 -
536 3778 585 3833 cfr.
603 3778 654 3846 frg.
671 3781 701 3847 83
718 3779 749 3846 93
767 3779 813 3846 103
833 3781 966 3834 103-111
985 3788 1035 3837 etc.

282 3883 303 3950 ²)
322 3880 369 3934 cfr.
384 3882 540 3948 Mueller,
557 3882 645 3935 Dorer
661 3882 696 3936 11.
713 3900 738 3951 p.
755 3877 814 3938 376.

282 3985 302 4050 ³)
321 3985 373 4054 frg.
389 3986 430 4038 62.

281 4089 304 4153 Δ)
323 4088 372 4144 cfr.
389 4089 545 4156 Mueller,
563 4089 681 4143 DorerI.
699 4105 726 4156 p.
738 4092 796 4143 346.
821 4092 968 4159 Preller‚
985 4094 1097 4163 Mythol.
1114 4094 1135 4148 Ι.
1150 4112 1176 4163 p.
1196 4094 1258 4149 215.
1281 4097 1339 4152 Ul-

194 4175 257 4228 rici
273 4176 307 4230 ΙΙ.
323 4193 350 4244 p.
369 4175 411 4229 16.
989 4209 992 4216 ·

285 4281 303 4346 ⁵)
323 4278 370 4332 cfr.
388 4279 530 4331 Mueller
545 4279 566 4332 l.
583 4296 609 4346 p.
625 4279 684 4331 200.
712 4277 825 4332 Hoeck
842 4281 876 4333 ll.
893 4297 919 4348 p.
936 4282 970 4335 33
982 4297 1022 4351 sq.
