2990 4824
748 219 787 276 26

286 419 406 500 Metra,
431 417 548 502 quibus
564 421 751 484 Alcmenam
775 421 809 484 in
832 420 1061 504 systematibus
1084 442 1178 485 usum
1202 441 1273 489 esse
1298 442 1340 486 ex

200 531 390 616 fragmentis
412 538 563 615 apparet,
588 539 664 598 sunt
685 533 866 612 trochaica,
887 533 1045 613 iambica,
1062 532 1235 617 dactylica.
1260 533 1341 612 Qui-

199 643 259 708 bus
274 645 386 709 metris
407 665 506 727 quum
522 644 736 710 Archilochus
757 642 838 709 nord
860 643 968 727 στίχον
989 667 1066 710 usus
1083 646 1140 725 sit,
1163 647 1231 710 sine
1247 651 1340 710 certa

201 755 407 840 stropharum
431 755 586 820 divisione
610 763 642 820 et
671 756 902 839 descriptione,
935 756 1070 821 Alcman
1101 759 1166 822 sive
1198 757 1340 822 catalexi

175 853 266 930 'sire
289 888 415 932 versum
438 867 618 935 breviorem
642 868 684 932 ad
710 869 824 950 longos
851 865 932 932 nord
961 865 1070 950 στίχον
1098 869 1253 952 repetitos
1281 868 1339 932 ad-

201 979 294 1058 dere,
314 977 409 1044 finam
433 985 465 1044 et
488 982 609 1045 exitum
633 980 790 1063 strophae
814 981 936 1062 primus
959 982 1093 1044 metrice
1116 980 1267 1045 distinxit
1289 985 1341 1043 at-

202 1113 264 1174 que
287 1094 422 1157 notavit.
453 1093 542 1170 Quae
566 1096 742 1176 systemata
765 1093 929 1157 Alcmanis
952 1091 1151 1174 temporibus
1173 1096 1245 1156 arto
1268 1113 1340 1156 mu-

200 1204 266 1268 sica
292 1205 381 1287 poesi
408 1205 529 1287 lyricae
559 1203 714 1268 adiuncta
741 1205 806 1269 iam
839 1205 968 1268 exculta
996 1203 1096 1268 fuisse
1123 1202 1340 1286 probabiliter

200 1315 299 1382 dicas.
322 1317 494 1399 Dactylica
517 1315 645 1398 quidem
670 1314 720 1402 (τὸ
743 1313 824 1380 κατὰ
847 1310 1000 1379 δάκτυλον
1022 1306 1122 1401 εἶδος)
1147 1335 1186 1378 ex
1208 1314 1340 1397 Olympi

200 1427 335 1510 Phrygis
358 1433 430 1491 arte
453 1427 594 1492 auletica
616 1429 756 1510 repetita
786 1449 870 1507 esse,
902 1427 1050 1491 concludi
1073 1432 1183 1510 potest
1203 1448 1242 1490 ex
1264 1428 1338 1492 loco

200 1539 381 1619 Plutarchi,
393 1541 417 1625 ¹)
442 1560 506 1621 quo
531 1539 762 1618 Stesichorum,
790 1541 845 1622 qui
861 1539 1048 1621 frequenter
1063 1539 1143 1602 haec
1159 1543 1339 1623 systemata

200 1653 381 1734 usurpavit,
411 1651 485 1716 inde
517 1672 555 1715 ea
586 1651 773 1734 repetivisse
803 1657 924 1715 narrat.
957 1652 1073 1734 Itaque
1102 1672 1201 1733 quum
1226 1651 1340 1716 Archi·

200 1763 312 1828 loohus
335 1764 374 1828 iis
404 1763 546 1828 nondum
577 1785 654 1827 usus
686 1763 776 1850 sit,2)
809 1765 877 1828 sina
907 1762 1020 1843 dubio,
1052 1767 1089 1827 ut
1119 1763 1338 1842 Stesichorum

200 1877 245 1940 sio
268 1877 405 1940 Alcman
434 1897 575 1959 quoque,
605 1877 665 1960 cui
684 1897 737 1940 ars
765 1877 889 1940 musica
916 1876 1080 1959 Phrygum
1109 1876 1229 1959 optime
1259 1880 1338 1939 nota

200 1990 321 2074 erat,³)
344 1989 420 2053 iude
444 2010 482 2053 ca
505 1986 566 2051 sibi
589 1989 622 2051 in
645 2010 738 2052 usum
762 1987 905 2073 vertit.)

292 2105 457 2164 Trochcici
479 2107 617 2182 rhythmi
641 2105 781 2183 systema
805 2120 974 2164 occurrere
996 2099 1124 2163 ridetur
1144 2098 1204 2180 frg.
1225 2102 1278 2178 18,
1300 2120 1339 2162 ex

200 2213 374 2278 Parthenio
396 2214 431 2277 in
454 2213 574 2277 Horam
598 2213 752 2295 petitum,
778 2213 867 2274 cuius
891 2217 1031 2275 metrum
1054 2217 1103 2275 est
1127 2216 1256 2273 dimeter
1276 2229 1339 2273 rro-

200 2331 324 2388 choicus
347 2327 485 2405 acatal,
514 2346 610 2409 quem
639 2323 688 2386 bis
719 2324 896 2405 repetitum
926 2324 1072 2406 sequitur
1100 2322 1243 2404 tripodia
1272 2328 1339 2387 tro-

201 2437 331 2517 chaica3
356 2459 424 2504 esse
447 2438 531 2503 hano
555 2425 734 2500 clausulam
758 2434 925 2517 strophae,
956 2435 1070 2498 ultima
1093 2432 1219 2517 syllaba
1241 2435 1338 2516 longa

202 2549 364 2636 (ancipiti)

200 2775 375 2838 indicatur.
391 2799 436 2822 —‘
455 2780 677 2838 Tetramerrnm
702 2771 830 2855 quoque
852 2771 1051 2835 trochaicum
1071 2770 1132 2834 hoc
1152 2770 1248 2835 modo
1266 2792 1337 2834 eum

201 2886 405 2966 adhibuisse,
430 2892 517 2951 certo
541 2885 698 2950 affirmari
721 2884 849 2965 nequit,
874 2882 931 2946 sed
954 2883 1112 2947 coniiccre
1127 2882 1205 2946 licet
1222 2904 1261 2946 ex
1276 2881 1336 2964 frg.

202 3002 259 3078 233
285 3003 342 3078 683
368 3003 422 3078 693
448 3004 497 3066 70.

289 3117 475 3192 Syrtematr'r
505 3116 632 3173 iarnbici
663 3109 844 3192 exemplum
872 3107 1000 3170 Videtur
1028 3126 1096 3170 esse
1126 3106 1185 3188 frg.
1217 3111 1273 3185 74,
1304 3105 1337 3169 in

202 3245 265 3306 quo
296 3225 479 3288 trimetrum
511 3223 608 3287 iamb.
642 3221 867 3287 catalecticum
876 3219 902 3305 5)
936 3223 986 3282 ter
1019 3219 1159 3300 positum
1191 3218 1337 3299 sequitur

201 3335 354 3399 claudens
377 3339 519 3418 systema
543 3335 679 3398 dimeter
702 3333 929 3409 catalecticus3
953 3330 1010 3394 sed
1025 3331 1059 3394 in
1074 3329 1135 3394 hoc
1151 3329 1334 3410 fragmento

202 3447 349 3511 ordinum
373 3447 574 3528 singulorum
597 3445 755 3528 syllabam
779 3444 926 3507 ultimam
947 3441 1079 3506 admisit
1102 3441 1277 3527 longam.⁶)
1293 3477 1337 3488 --

297 3735 312 3797 Ι)
332 3732 365 3784 de
383 3748 449 3786 mus.
469 3748 491 3785 c.
510 3737 533 3786 7.
553 3749 579 3800 p.
598 3731 621 3795 7,
640 3734 656 3782 8

290 3835 310 3902 ²)
329 3828 550 3887 proruamus.
569 3851 582 3886 c
610 3834 632 3885 7,
650 3849 676 3900 ρ,
696 3832 720 3898 7,
738 3837 761 3885 u.

291 3941 310 4004 3)
330 3936 376 3990 cfr.
396 3937 447 4005 frg.
465 3938 499 3989 82
517 3944 544 3991 et
557 3910 621 3990 112.

289 4044 310 4111 ⁴)
328 4042 376 4094 cfr.
396 4041 564 4095 Rossbach
583 4047 610 4092 et
628 4040 813 4107 Westpbal,
833 4038 932 4091 Metrik
951 4038 995 4090 ΙΙΙ.
1016 4055 1041 4105 p.
1062 4038 1103 4090 38.

289 4149 310 4210 ⁵)
330 4146 363 4198 de
383 4160 435 4212 quo
454 4145 502 4197 cfr.
523 4160 604 4212 supra
622 4162 648 4212 p.
667 4146 706 4197 17.

291 4249 310 4318 θ)
330 4249 378 4304 cfr.
398 4250 509 4316 Munlr,
527 4249 627 4303 Metrik
646 4267 672 4318 p.
695 4249 750 4302 195.
