2990 4824
699 315 736 374 17

613 401 819 411 ..ρ-*ω-

237 521 355 580 Versus
376 521 496 578 numeri
519 518 657 580 iambici.

234 628 281 693 Ut
303 644 521 691 monometrum
548 627 764 707 trochaicum,
791 628 839 692 ita
866 631 1032 690 iancticum
1060 647 1189 708 quoque
1218 645 1284 690 non

146 738 299 806 adhibuit
320 740 382 804 nisi
405 740 613 804 coniunctum
636 759 709 802 cum
731 739 805 803 aliis
827 737 1003 803 ordinibus.
1034 737 1207 802 Antecedit
1234 731 1308 800 or-'

146 852 217 918 diui
240 853 448 936 anapaestico
472 850 534 932 frg.
558 854 615 928 20,
638 850 744 916 ordini
762 849 923 934 dactylico
944 850 1005 933 frg.
1022 854 1077 930 60,
1094 854 1128 929 5,
1145 849 1283 914 dimetro

146 965 259 1032 lonico
282 985 302 1030 a
324 965 400 1028 min.
424 962 484 1046 frg.
509 967 549 1026 83
574 969 607 1028 et
630 967 687 1042 84;
711 961 771 1045 frg.
796 962 885 1049 87.1)

236 1083 375 1140 Dimeter
389 1079 594 1153 acataleetus,
618 1095 682 1156 quo
698 1072 911 1139 Archilochus
926 1075 1115 1157 saepissime
1129 1094 1208 1137 usus
1224 1077 1284 1152 est,

150 1195 185 1254 et
206 1209 265 1272 pro
288 1187 391 1272 epodo
414 1193 448 1252 et
468 1184 550 1252 rard
571 1183 681 1268 στίχον
709 1187 854 1250 carmina
880 1185 1123 1271 componens,²)
1153 1205 1219 1266 qua
1245 1183 1285 1248 de

152 1321 251 1364 causa
273 1289 511 1365 Archilochium
534 1320 607 1364 eum
630 1299 834 1381 grammatici
856 1297 1072 1384 appellant,³)
1100 1295 1188 1380 apud
1211 1295 1285 1360 Alo-

150 1431 278 1476 manem
301 1417 334 1476 et
355 1432 484 1476 versum
508 1412 694 1491 constituit,
717 1417 754 1476 ut
776 1411 842 1494 frg..
860 1417 879 1474 7
883 1415 916 1491 6,
938 1417 971 1475 et
988 1410 1195 1492 coniungitur
1212 1427 1286 1472 cum

150 1524 223 1590 aliis
246 1525 373 1605 metris,
401 1528 439 1588 ut
466 1545 539 1588 cum
561 1523 722 1607 dactylico
745 1522 805 1606 frg.
830 1528 880 1588 35.
905 1521 1101 1605 Tribraehys
1124 1541 1285 1604 nusquam

150 1636 320 1702 admissus.

242 1753 375 1810 Dimetrr'
396 1753 573 1811 catalectici
594 1748 720 1812 nullum
743 1748 925 1830 exemplum
940 1748 1020 1811 satis
1037 1751 1162 1811 certum
1178 1745 1288 1812 afferri

152 1865 281 1942 potest,
302 1879 406 1942 neque
427 1861 492 1926 scio
507 1883 550 1925 an
570 1865 669 1944 poeta
690 1860 776 1924 hunc
798 1881 927 1924 versum
949 1863 987 1923 ut
1009 1859 1139 1924 mollem
1162 1865 1196 1924 et
1217 1861 1287 1924 lan-

153 1971 289 2053 guidum
319 1993 451 2054 prorsus
480 1973 710 2057 repudiaverit.
745 1971 867 2036 Divisio
898 1973 984 2036 enim
1014 1970 1074 2054 frg.
1107 1975 1159 2048 87,
1190 1993 1288 2054 quam
1359 2053 1364 2063 Ι

152 2082 314 2165 Bergkius
341 2083 445 2165 dedit,
476 2071 514 2149 dt
543 2086 667 2169 primus
697 2105 810 2149 versus
839 2087 883 2148 sit
910 2085 1021 2150 dimet.
1049 2083 1146 2148 iamb.
1175 2084 1288 2165 catal,

151 2196 293 2260 maxime
316 2195 416 2260 dubia
438 2203 501 2276 est,
525 2217 624 2279 quum
647 2217 751 2279 neque
774 2196 815 2260 de
838 2195 1048 2261 emendandis
1063 2196 1169 2262 verbis
1183 2217 1288 2280 neque

152 2309 193 2374 de
216 2307 409 2392 explicanda
432 2310 570 2374 sentent
561 2329 594 2373 ta
616 2315 668 2373 sat
669 2310 697 2372 is
721 2314 832 2373 conste
834 2308 892 2395 t.⁴)
916 2307 991 2392 Frg.
1016 2314 1066 2390 58,
1085 2309 1174 2373 2111
1161 2315 1289 2392 tegrum

153 2441 220 2485 nou
241 2425 291 2485 est
312 2420 464 2502 idemque
486 2421 552 2485 dici
573 2427 684 2505 potest
705 2419 746 2486 de
773 2421 834 2504 frg.
859 2427 913 2498 74,
938 2427 972 2502 4,
1001 2441 1199 2504 quamquam
1227 2421 1289 2486 hoc

154 2532 242 2612 loco,
265 2553 363 2615 quum
385 2555 445 2616 pro
469 2533 616 2598 clausula
639 2535 823 2617 systematis
846 2535 903 2613 sit,
927 2531 1005 2596 ferri
1027 2538 1145 2616 potest.

247 2647 394 2708 Trimetri
410 2651 582 2709 acatalecti
592 2648 710 2710 mirum
721 2651 772 2710 est
781 2645 909 2709 nullum
922 2650 1048 2708 exstare
1061 2645 1253 2728 exemplum,
1262 2645 1288 2732 ⁵)

153 2775 260 2838 neque
283 2757 487 2840 grammatici
509 2758 604 2822 huius
624 2779 735 2822 versus
754 2769 792 2821 ut
808 2755 849 2820 ab
866 2756 1019 2846 Alcmene
1034 2757 1187 2839 usurpati
1202 2777 1291 2821 men-

152 2869 274 2932 tionem
296 2869 430 2933 faciunt.
455 2869 621 2952 Frequens
644 2877 753 2936 autem
769 2870 911 2934 occurrit
929 2873 1065 2931 trimeter
1078 2874 1290 2946 catalecticus,

153 2980 245 3044 cuius
267 2980 482 3046 Archilochus
504 2981 653 3047 inventor
676 2981 880 3065 laudarunt)
904 2981 961 3046 cfr.
986 2979 1046 3062 frg.
1071 2985 1129 3060 36;
1151 2985 1210 3061 74;
1232 2985 1289 3060 75;

154 3096 207 3158 81.
235 3091 295 3156 Cui
316 3093 443 3173 versui,
466 3100 624 3175 quantum
646 3113 686 3156 ex
708 3091 899 3176 fragmentis
922 3113 1006 3174 quae
1029 3096 1205 3174 supersunt
1227 3092 1292 3157 col·

152 3203 255 3287 ligere
277 3205 368 3285 licet,
391 3204 426 3269 id
447 3205 615 3288 proprium
632 3210 696 3284 est,
713 3210 751 3269 ut
765 3205 883 3270 tertiae
899 3203 1050 3289 dipodiae
1065 3205 1171 3287 prima
1187 3204 1289 3270 thesis

153 3315 286 3400 longam
308 3315 467 3401 syllabam
489 3337 555 3382 non
577 3315 749 3396 admittam
773 3337 870 3399 quam
893 3315 934 3382 ob
962 3337 1094 3384 causam
1122 3315 1219 3381 aliter
1247 3316 1292 3382 sic

246 3569 265 3638 ¹)
284 3571 308 3623 si
325 3569 434 3634 divisio,
453 3583 532 3636 quam
549 3565 719 3634 Bergkius
737 3566 824 3634 dedit,
842 3571 916 3621 recta
934 3577 983 3622 est.

242 3678 266 3739 ²)
284 3674 332 3728 cfr.
350 3671 491 3738 Liebel,
510 3669 689 3724 Archilochus
707 3687 734 3739 p.
751 3671 794 3724 24,

244 3778 266 3843 ⁸)
286 3774 455 3832 Victoria.
474 3791 502 3843 p.
521 3774 596 3827 2585,
626 3773 717 3830 Serv.
736 3775 849 3828 Certim.
868 3791 895 3842 p.
914 3773 989 3827 1818.

238 3881 265 3945 ,4)
284 3879 332 3934 cfr.
351 3877 512 3946 Welcker,
530 3877 601 3932 Mus.
621 3877 707 3932 Rhen.
725 3879 759 3933 X.
777 3896 804 3947 p.
822 3878 874 3932 242
892 3893 932 3948 sq.
950 3878 1089 3948 (Kleinere
1101 3877 1237 3934 Schriften
1250 3879 1294 3932 tv.

155 3983 182 4036 p.
201 3965 235 4020 37
253 3967 304 4036 sq.)

247 4069 266 4137 ⁵)
284 4068 354 4122 Nam
373 4065 445 4136 quod
463 4066 666 4134 Welclterus,
689 4069 766 4122 Alem
791 4086 818 4137 p.
844 4071 875 4122 13
898 4068 988 4134 affert,
1013 4069 1116 4122 nullum
1136 4075 1189 4134 est,
1214 4085 1295 4138 quum

155 4155 208 4208 hoc
232 4154 413 4222 fragmentum
436 4159 508 4206 recte
533 4153 704 4208 emendatum
728 4155 874 4209 constituat
897 4159 1088 4210 tetrametrum.
1116 4153 1162 4210 cfr.
1186 4152 1238 4220 seg.
1265 4156 1295 4208 18

155 4241 198 4298 ed,
217 4240 352 4308 Bergk.

244 4345 265 4414 ε)
284 4345 331 4400 cfr.
350 4342 474 4396 Liebel
493 4361 518 4412 p.
536 4343 578 4398 24,

1090 4454 1106 4506 2
