2990 4824
676 346 880 354 --.——·--——

211 461 298 527 haud
319 463 368 526 ita
391 463 530 528 multum
552 484 573 527 a
595 484 670 528 vero
691 463 843 527 aberrare
867 461 946 525 mihi
969 461 1098 543 quidem
1123 461 1260 525 videtur.
1286 461 1349 526 Sed

211 577 310 640 etiam
333 574 421 658 quod
445 575 561 640 Suidas
584 575 764 654 fabulatur,
776 575 800 660 ¹)
819 576 900 639 duos
917 573 1016 638 luisse
1034 575 1216 652 Alcmenes,
1235 577 1350 656 poetas

211 688 344 770 lyricos,
376 687 571 751 Messeniam
600 688 740 752 alterum
770 694 802 752 et
836 688 976 751 alterum
1004 686 1181 767 Laconem,
1204 685 1285 750 illud
1308 684 1351 749 ad

213 797 409 863 turbandam
433 803 617 881 temporum
638 799 799 864 rationem
829 799 955 881 aliquid
985 797 1123 862 valuisse
1154 798 1248 862 facile
1276 819 1350 862 con-

212 909 350 995 iicias.²)

297 1020 396 1085 Aliud
425 1028 665 1104 argumentum,
694 1021 782 1104 quod
805 1043 824 1085 a
848 1021 882 1087 C.
908 1023 945 1088 Ο.
970 1022 1143 1108 Miillero³)
1175 1023 1349 1105 opponitur

213 1134 255 1198 ad
277 1133 519 1217 deprimendam
545 1132 708 1214 alemanis
737 1139 893 1214 aetatem,
922 1134 1074 1217 Pityusas
1101 1133 1238 1212 insulas,
1268 1155 1349 1215 quas

214 1245 288 1309 inde
310 1244 351 1309 ab
376 1245 501 1328 Olymp.
524 1245 643 1308 XXXV
659 1245 920 1329 expeditionibus
943 1246 1185 1310 Phocaeensium
1208 1246 1346 1328 primum

215 1357 347 1421 Graecis
369 1364 463 1422 notas
486 1363 518 1421 ct
541 1359 726 1422 accuratius
753 1358 926 1440 indagatas
953 1380 1022 1423 esse
1045 1358 1249 1422 Herodotum
1273 1380 1348 1422 auc-

213 1473 316 1532 torem
339 1467 503 1554 laudat,⁴)
527 1468 569 1533 ab
592 1469 747 1533 Alcmana
769 1471 803 1533 in
827 1469 1024 1534 carminibus
1048 1469 1347 1556 commemorari,⁵)

170 1663 175 1674 .
212 1601 270 1662 pro
293 1578 383 1644 111110
406 1581 587 1663 putandum
610 1587 668 1645 cst.
699 1582 783 1645 Nam
805 1588 842 1645 ut
864 1583 1022 1646 incertam
1045 1583 1108 1646 loci
1136 1583 1224 1646 illius
1247 1582 1349 1646 Hero-

213 1691 300 1756 dotei
334 1694 582 1776 explicationem
615 1693 926 1779 praetermittam,⁶)
958 1695 1038 1786 quid
1068 1715 1188 1777 quaeso
1216 1700 1347 1776 poetae,

212 1809 248 1867 ut
269 1811 498 1870 commemoret
519 1806 660 1870 insulam
682 1807 840 1888 aliquam,
864 1828 944 1889 opus
967 1811 1017 1871 est
1038 1813 1192 1870 accurata
1209 1810 1278 1870 eius
1294 1806 1348 1869 dc-

213 1917 385 1999 scriptionc
409 1918 650 2000 geographica?
678 1918 814 1982 Accedit
846 1919 932 2001 quod
962 1920 1149 1983 Alcmanem
1178 1919 1211 1982 in
1239 1918 1347 2000 aliquo

213 2029 388 2092 carminum
411 2051 469 2112 per
491 2031 597 2093 iocum
620 2029 741 2093 multas
763 2036 870 2094 terras
894 2041 926 2095 et
948 2040 1076 2114 gentes,
1098 2031 1186 2113 apud
1208 2051 1289 2113 quas
1314 2051 1347 2093 se

213 2142 335 2205 clarum
366 2141 435 2205 fore
463 2140 691 2223 praedicabat,
724 2142 841 2206 scimus
873 2163 1094 2222 enumerasse,
1126 2163 1209 2224 quae
1239 2148 1348 2204 tamen

212 2253 431 2333 grammaticis
464 2254 562 2316 etiam
590 2252 752 2316 inferioris
782 2255 898 2317 aetatis
931 2256 1061 2336 ignotae
1093 2259 1194 2318 erant.
1206 2253 1231 2339 ⁷)
1265 2252 1348 2328 Quin

213 2384 288 2428 vero
311 2386 425 2429 nomen
444 2365 652 2447 Pityusarum
669 2364 930 2447 expeditionibus
946 2366 1157 2446 Phoenicum,
1175 2367 1230 2447 qui
1246 2364 1348 2428 multo

215 2483 289 2539 ante
316 2476 389 2540 illas
417 2477 516 2540 maris
547 2476 758 2540 occidentalis
786 2479 935 2559 regiones
963 2479 1254 2560 investigaverant,
1282 2477 1347 2540 iam

216 2586 347 2668 Graecis
370 2593 483 2651 notum
507 2589 620 2666 fuerit,
643 2608 736 2652 nemo
761 2590 888 2670 estqui
912 2588 1047 2654 dubitet.

185 2708 189 2719 '
300 2701 454 2764 Attamen
486 2700 567 2763 haec
593 2721 676 2781 quae
700 2707 813 2764 contra
836 2702 1030 2764 sententiam
1054 2707 1198 2764 nostram
1220 2700 1350 2783 prolata

213 2809 355 2876 refutare
389 2812 498 2876 conati
529 2833 639 2876 sumus
669 2819 860 2894 argumenta
887 2835 927 2876 ne
956 2813 997 2876 ab
1026 2814 1105 2896 ipsis
1136 2812 1267 2895 quidem
1294 2812 1351 2878 ad-

213 2925 363 2987 versariis
393 2922 487 2987 valde
514 2931 688 3006 urgentur3
720 2926 870 3008 graviora
897 2946 937 2988 ex
963 2927 1035 3009 ipsa
1065 2925 1230 2990 Alcmanis
1260 2926 1350 3010 poesi

214 3041 420 3116 repetuntur,
436 3057 519 3117 quae
532 3036 719 3118 diligentius
732 3038 951 3102 examinemus
965 3043 1103 3120 oportet.
1128 3037 1162 3102 C.
1179 3038 1217 3104 Ο.
1231 3037 1350 3102 Miiller

213 3144 262 3209 his
289 3146 395 3210 verbis
423 3146 565 3212 breviter
595 3170 633 3212 ea
664 3149 946 3234 complectitur:⁵)
985 3149 1045 3213 Die
1072 3148 1264 3214 Lebenszeit
1293 3150 1349 3213 des

216 3305 422 3314 --——---

321 3392 338 3454 ¹)
357 3405 370 3442 s
399 3406 424 3442 v.
445 3388 577 3465 Ἀλκμάν,
608 3387 656 3440 cfr.
674 3387 845 3454 Welcker,
865 3389 954 3443 Alcm.
972 3406 997 3457 p.
1016 3391 1039 3443 3.

318 3497 338 3562 ²)
357 3495 406 3547 111.
426 3493 505 3545 etiam
525 3506 593 3560 quae
612 3490 641 3543 C.
659 3492 692 3547 F.
704 3492 883 3558 Hermannus,
901 3492 1034 3559 Antiquit
1049 3491 1151 3546 Lacon.
1168 3509 1194 3560 p.
1214 3490 1246 3543 77
1258 3491 1294 3546 ad
1306 3508 1351 3546 ex·

214 3578 365 3646 plicandsm
383 3579 455 3633 hanc
473 3580 501 3630 in
519 3577 631 3630 Eusebii
650 3577 783 3631 Chronico
802 3578 984 3645 perturbatam
1011 3578 1212 3644 chronologiam
1231 3580 1351 3645 protulit.

319 3683 339 3751 ³)
358 3681 456 3734 Gesch.
475 3679 523 3732 der
542 3680 644 3748 griech.
663 3680 801 3733 Litcratur
818 3681 836 3734 Ι,
858 3701 884 3752 p.
903 3685 961 3736 350,

317 3787 337 3851 ⁴)
357 3784 455 3838 Herod.
476 3785 496 3838 l.
517 3786 573 3848 163,
594 3786 1046 3853 11101010111111,Ρ11011111111
1065 3786 1165 3855 primos
1185 3785 1350 3840 Graecorum

215 3885 287 3926 mare
306 3872 438 3926 Ibericum
457 3871 643 3938 investigasse.

320 3976 339 4044 ι)
358 3975 407 4028 111.
427 3975 477 4040 frg.
499 3975 557 4030 147.

316 4083 340 4144 1)
361 4078 409 4131 cfr.
428 4078 608 4144 Hermann,
628 4077 760 4146 Antiquit.
780 4077 878 4132 Lacon.
897 4095 922 4145 p.
943 4079 975 4129 ’17
995 4085 1041 4132 not

322 4182 407 4248 7)111.
428 4180 480 4248 frg.
501 4183 556 4234 118.

317 4285 376 4350 1)1.
395 4284 452 4345 1.,1.
471 4301 496 4352 p.
516 4286 574 4340 350.
