2990 4824
528 1034 944 1137 PRAEFATIO.

257 1343 345 1408 Side
361 1344 469 1426 aliqua
486 1349 581 1428 parte
598 1344 781 1408 litterarum
799 1342 1014 1420 Graecarum,
1032 1342 1071 1405 ‹le
1088 1343 1177 1424 poesi
1192 1343 1304 1426 lyrica,

169 1476 367 1537 quamquam
398 1457 467 1519 eius
497 1455 653 1518 historiae
683 1454 877 1518 evolvendae
900 1455 961 1517 viri
992 1454 1080 1517 docti
1111 1477 1305 1538 magnopere

170 1566 378 1645 studuerunt,
409 1567 589 1630 sententiae
617 1571 650 1629 et
680 1564 798 1629 dubiae
827 1571 860 1628 et
889 1565 993 1628 falsae
1024 1566 1305 1633 circumferuntur.

170 1678 268 1742 Cuius
291 1679 339 1741 rei
360 1700 458 1760 quum
474 1678 651 1760 praecipua
667 1697 766 1740 cansa
780 1697 905 1758 paucae
921 1676 1120 1758 exiguaeque
1136 1683 1305 1760 poetarum

168 1790 343 1871 lyricorum
366 1789 524 1871 reliquiae
548 1790 627 1867 sint,
657 1793 766 1851 tamen
789 1788 845 1869 qui
868 1788 940 1869 ipsa
963 1793 1110 1851 veterum
1137 1796 1305 1852 auctorum

170 1902 295 1982 scripta
325 1921 438 1964 rursus
469 1901 669 1982 perlustrare
699 1921 763 1964 non
793 1899 1007 1977 recusaverit,
1035 1907 1123 1964 certe
1151 1900 1316 1965 nonnulla-

173 2012 213 2076 de
236 2013 372 2094 singulis
394 2013 499 2094 poetis
516 2011 707 2093 corrigenda
730 2017 763 2074 et
785 2009 935 2074 addenda
957 2011 1110 2079 inveniet.
1144 2012 1306 2094 Imprimis

171 2123 232 2187 hoc
255 2123 295 2187 de
312 2124 466 2187 Alcmene
483 2123 653 2186 dicendum
671 2128 730 2187 est.
743 2121 768 2208 1)
809 2122 911 2199 Quam
935 2121 975 2186 ob
998 2144 1066 2186 rem
1091 2146 1155 2188 non
1178 2123 1307 2206 quidem

170 2256 282 2298 omnes
306 2235 346 2298 de
369 2256 407 2298 eo
431 2235 637 2317 quaestiones
665 2233 832 2298 absolvere
860 2234 977 2313 audeo,
1009 2234 1066 2297 sed
1093 2257 1214 2318 paucas
1241 2257 1308 2299 ma-

169 2348 255 2410 xime
279 2345 394 2410 dubias
423 2368 482 2428 pro
512 2346 635 2410 viribus
663 2351 814 2410 accurate
844 2346 1005 2428 explicare
1033 2347 1114 2410 mihi
1141 2349 1174 2410 in
1202 2348 1308 2412 animo

172 2463 232 2523 est.
266 2458 380 2540 Itaque
402 2457 542 2540 primum
566 2457 606 2520 de
637 2463 745 2520 aetate
775 2457 954 2536 AlcmaniS,
984 2456 1100 2522 deinde
1128 2458 1167 2521 de
1196 2461 1309 2523 metris

173 2567 359 2649 disputabo,
388 2569 486 2633 tertio
514 2569 605 2631 ouius
635 2568 834 2632 Graecorum
861 2568 1002 2632 nationis
1031 2555 1171 2633 inddlem
1203 2577 1236 2634 et
1262 2572 1310 2636 in-

173 2678 302 2760 genium
325 2681 392 2744 eius
414 2682 522 2763 poesis
544 2700 625 2762 prae
648 2701 682 2744 se
705 2679 804 2758 ferat,
832 2701 997 2761 quaeram.
1282 2665 1289 2684 ⁸

259 2790 381 2866 Quibus
411 2793 444 2855 iu
475 2791 723 2856 conscribenda
739 2792 799 2855 hae
835 2793 1108 2860 commentatione
1143 2816 1219 2859 usus
1249 2795 1308 2858 sim

173 2901 321 2982 auxiliis,
345 2904 411 2966 suis
435 2904 515 2970 locis
537 2904 688 2970 indicavi.

260 3013 418 3079 Numeros
447 3014 703 3097 fragmentorum
732 3038 771 3080 ex
798 3016 930 3098 Bergkii
957 3017 1085 3080 Poetar.
1108 3017 1167 3100 lyr.
1193 3017 1308 3085 Graec.

175 3124 252 3192 edit.
275 3125 333 3190 III.
356 3148 388 3209 p.
412 3131 584 3191 818-870
606 3129 727 3193 notavi.

174 3323 380 3331 -,.-,.

280 3421 298 3486 ¹)
318 3421 490 3486 WelckeruS,
516 3420 561 3489 qui
579 3420 681 3488 primus
701 3424 852 3489 fragmenta
871 3421 1009 3474 Alcmanis
1027 3422 1135 3490 collegit
1153 3429 1180 3474 et
1198 3421 1306 3474 brevem

172 3505 205 3558 de
224 3506 280 3559 vita
298 3513 325 3559 et
343 3507 449 3576 scriptis
468 3507 717 3560 commentationem
736 3507 840 3560 addidit
859 3508 983 3574 (Giessen
1007 3509 1097 3575 1815),
1121 3509 1179 3575 ipse
1203 3507 1309 3573 fatetur,

154 3606 269 3644 novam
287 3590 320 3643 de
339 3592 470 3645 Alcmene
489 3592 698 3660 disputationem
719 3608 772 3645 non
791 3607 850 3644 esse
870 3608 1103 3661 supervacaneum.
1122 3593 1169 3646 cfr.
1184 3593 1310 3646 Welck.

172 3675 298 3730 Kleinere
318 3676 455 3730 Schriften
474 3678 487 3730 I
514 3695 538 3746 p.
558 3677 615 3730 220.
