2990 4824
718 299 757 358 39

168 503 329 570 stimoniis
352 508 515 582 veterum,
547 523 586 566 ex
613 501 717 566 tribus
741 502 890 570 dialectis
913 500 1000 584 apud
1022 521 1096 565 eum
1119 499 1239 564 formas
1262 501 1309 564 in·

167 617 290 682 vanni:
319 638 359 680 ex
381 615 557 692 Laconica,
581 614 730 694 Aeolica,
755 615 857 697 epira.
869 613 893 700 ¹)
927 613 1070 690 Quarum
1093 633 1192 694 quum
1216 613 1307 696 epica

168 728 256 812 apud
279 749 389 792 omnes
413 732 526 810 poetas
549 726 668 810 lyricos
687 726 872 809 reperiatur
892 731 924 790 et
946 746 1006 790 usu
1022 723 1219 804 fabularum,
1237 725 1307 807 qui·

167 839 229 904 bus
246 839 410 904 Alcmanis
436 839 580 902 carmina
597 837 777 917 abundant,
802 837 897 901 facile
921 837 1114 919 explicetur,
1136 835 1217 902 nihil
1240 836 1307 900 iam

168 951 208 1018 de
224 972 263 1016 ea
280 950 451 1016 dicendum
470 954 528 1014 est.
551 949 641 1026 Quod
661 949 704 1012 ad
724 955 863 1028 ceteras,
887 949 914 1022 si
933 949 1145 1030 quaesiveris,
1166 968 1307 1029 quonam

167 1061 264 1126 modo
288 1068 409 1145 etqua
432 1062 558 1126 ratione
581 1062 667 1126 inter
691 1061 876 1124 seiunctae
900 1062 979 1140 sint,
1004 1059 1045 1124 ab
1068 1059 1235 1138 Ahrensio,
1260 1059 1307 1123 di·

166 1174 381 1256 ligentissimo
410 1172 467 1237 illo
497 1177 530 1236 et
559 1172 749 1236 acutissimo
780 1171 979 1238 Graecarum
1010 1171 1224 1236 dialectorum
1257 1172 1306 1234 in-

167 1286 380 1368 vestigatore,
412 1285 491 1349 satie
522 1283 780 1348 demonstratum
811 1290 875 1363 est,
911 1283 1100 1367 praevalere
1130 1283 1306 1347 dialectum

167 1397 377 1475 Laconicam,
405 1396 602 1460 intermixtis
629 1395 682 1460 hic
708 1395 777 1460 illic
800 1396 912 1460 formis
935 1395 1123 1480 Aeolidae
1152 1394 1242 1458 Idem
1265 1395 1305 1458 de

166 1507 275 1574 indole
298 1507 477 1572 carminum
499 1505 727 1572 affirmandum
751 1512 783 1571 et
806 1506 1015 1571 statuendum
1036 1513 1102 1586 est,
1123 1507 1303 1589 ingenium,

166 1640 289 1698 mores,
321 1619 444 1684 cultum
470 1618 800 1684 Lacedaemoniorum
823 1621 996 1702 praecipue
1018 1620 1060 1684 iis
1081 1619 1250 1684 declarata
1272 1623 1306 1683 et

166 1751 321 1814 expressa
344 1751 429 1810 esse,
452 1731 500 1794 ita
522 1736 645 1809 tamen,
678 1736 714 1793 ut
742 1750 847 1813 pauca
873 1731 1009 1794 Aeolum
1039 1732 1145 1814 poesis
1172 1730 1306 1814 propria

167 1841 313 1906 admixta
336 1849 368 1907 et
392 1843 485 1924 quasi
507 1842 632 1906 intexta
655 1842 730 1908 sint.
763 1842 868 1919 Quam
895 1841 936 1906 ob
967 1863 1096 1906 causam
1124 1843 1304 1906 Laconicus

165 1953 370 2036 potissimum
392 1960 489 2036 poeta
510 1953 704 2018 iudicandus
721 1959 754 2017 et
769 1953 984 2037 appellandus
1008 1961 1067 2018 est.
1093 1954 1151 2017 Cui
1166 1955 1214 2018 rei
1231 1975 1306 2018 con·

166 2066 255 2130 venit
270 2087 385 2130 nomen
407 2065 572 2130 Alcmanis
596 2064 810 2148 scriptoribus
832 2067 976 2148 antiquis
1000 2067 1174 2130 usitatum:
1194 2064 1212 2128 ὁ
1231 2072 1302 2129 Λα-

164 2169 297 2254 κωνικός
319 2183 352 2241 et
375 2173 392 2240 d
415 2175 604 2254 Λακωνικὰς
626 2171 814 2263 pacificia-⁰³)
845 2198 909 2258 quo
933 2179 1060 2242 nomine
1083 2180 1189 2242 minus
1212 2179 1302 2261 origo

164 2295 282 2372 poetae
296 2327 340 2338 -
359 2297 430 2352 erat
453 2289 537 2352 enim
562 2289 692 2354 natione
715 2290 859 2374 Lydum)
879 2327 923 2338 —
945 2311 1042 2372 quam
1065 2291 1178 2373 lingua
1201 2296 1233 2354 et
1255 2292 1304 2354 in·

111 2425 116 2436 ·
165 2399 256 2466 doles
275 2402 452 2466 carminum
473 2401 707 2483 significantur.
733 2403 796 2467 Sed
812 2404 876 2468 iam
895 2404 938 2468 ad
953 2404 1080 2486 singula
1102 2424 1185 2485 quae
1207 2403 1303 2466 huius

166 2512 344 2576 Laconicae
367 2519 505 2577 naturae
528 2513 647 2576 indicia
667 2535 707 2577 ex
726 2514 917 2598 fragmentis
936 2515 1046 2579 afferri
1062 2521 1199 2598 possunt
1214 2519 1303 2579 tran·

167 2643 302 2688 scamna.

251 2735 422 2819 Proprium
446 2743 516 2802 erat
538 2743 724 2820 poematum
752 2739 926 2822 lyricorum
955 2738 1043 2821 apud
1069 2745 1181 2820 gentes
1208 2739 1302 2803 Dori-

165 2867 235 2926 cae,
263 2853 300 2912 ut
322 2869 342 2912 a
364 2850 479 2928 choro,
509 2871 573 2914 non
597 2871 617 2914 a
639 2851 775 2933 singulis
798 2833 1045 2937 canerentur,⁵)
1077 2853 1125 2914 ita
1154 2851 1300 2933 quidem,

165 2964 203 3022 ut
229 2960 334 3042 poesie
365 2959 485 3024 Dorica
514 2967 547 3024 et
575 2962 705 3026 chorica
735 2963 821 3027 idem
850 2963 1040 3046 significent.
1064 2963 1171 3040 Quare
1195 2965 1300 3028 omnis

165 3071 303 3136 eruditio
320 3074 459 3152 musica,
480 3094 563 3156 quae
580 3075 718 3157 Spartae
734 3076 865 3140 minime
888 3075 1134 3158 neglegebatur,
1146 3076 1171 3162 ⁶)
1196 3077 1301 3140 cuius·

169 3255 281 3264 -—--.
310 3259 320 3264 ..

256 3373 270 3442 ¹)
289 3374 338 3428 cfr.
358 3374 492 3427 Ahaens
511 3374 527 3426 l.
547 3376 563 3428 l.
582 3393 607 3444 p.
628 3377 661 3427 (38
674 3390 714 3443 sq.

251 3479 272 3540 ²)
290 3477 308 3532 1.
327 3477 344 3531 l.
363 3496 389 3547 p.
408 3480 441 3530 68
460 3495 498 3547 sq.
519 3487 545 3532 et
564 3479 596 3531 de
614 3479 679 3545 ling.
698 3478 793 3533 Graec.
818 3480 923 3536 dialect.
950 3484 982 3536 Il.
1008 3501 1032 3551 p.
1051 3487 1075 3538 4.
1093 3491 1148 3536 not.
1167 3486 1197 3550 63
1221 3503 1247 3554 p.
1270 3488 1300 3538 19

163 3567 217 3615 not.
239 3565 261 3617 1.
285 3597 301 3602 -
332 3565 380 3617 cfr.
401 3565 473 3618 Said.
494 3581 514 3618 s.
533 3583 574 3618 v.:
600 3567 735 3644 κέχρηται
763 3568 793 3624 δὲ
821 3568 923 3646 Δωρίδι
951 3572 1103 3650 διαλέκτῳ,
1129 3572 1220 3650 ὥςπερ
1248 3573 1300 3631 Λα-

163 3653 340 3727 κεδαιμόνιοι.
360 3652 487 3720 apollon.
504 3651 596 3704 multis
614 3651 689 3706 tocie.
706 3683 741 3690 -
759 3653 860 3710 Himcr.
880 3655 953 3710 Orat.
973 3657 1003 3710 V.
1023 3656 1046 3710 3.

250 3755 271 3824 ³)
288 3755 429 3808 tristia.
448 3756 469 3810 1.
489 3774 515 3825 p.
534 3755 635 3822 49311.
654 3771 682 3822 p.
701 3755 736 3808 40
754 3763 781 3810 et
799 3757 857 3810 508.
886 3757 955 3813 Plut.
974 3758 1090 3828 Lycurg.
1109 3777 1131 3815 c.
1148 3760 1190 3815 21.
1218 3762 1299 3830 Apul.

162 3839 277 3909 Apolog.
295 3859 322 3910 p.
342 3843 381 3894 11.
400 3841 489 3911 (Rip).

249 3945 269 4012 ⁴)
288 3945 336 3996 cfr.
355 3944 522 4010 ll'clclrer,
545 3943 659 3996 Alcman
679 3962 704 4013 p.
723 3947 740 3998 3
758 3963 795 4015 sq.
824 3947 949 4002 t’orsin.
977 3951 1052 4006 Fast.
1072 3952 1128 4004 Att.
1146 3953 1194 4024 Ill.
1211 3971 1238 4024 p.
1258 3955 1298 4007 50.

250 4047 270 4110 ⁵)
290 4047 337 4100 cfr.
356 4046 519 4112 Mueller,
537 4047 766 4116 Litcruturgesch.
785 4051 806 4106 1.
829 4070 855 4121 p.
875 4053 933 4106 295,
960 4054 1052 4108 Bode
1070 4055 1129 4110 llb.
1147 4074 1173 4125 p.
1191 4059 1216 4110 4.
1246 4057 1297 4110 Ul·

161 4133 222 4186 rici
240 4135 274 4190 11.
292 4153 318 4204 p.
337 4136 379 4188 67.

190 4324 206 4378 d
235 4239 270 4376 13⁶)
289 4239 464 4376 cferlriCi
482 4240 499 4294 l.
519 4241 536 4294 l.
557 4247 584 4294 et
601 4257 667 4309 quos
686 4243 724 4296 ibi
741 4243 832 4296 attulit
849 4243 930 4298 locos.
957 4247 998 4298 cfr
1025 4245 1188 4314 Terpand.
1208 4245 1297 4314 irptt.

161 4329 214 4391 (0-
263 4329 355 4392 erg)
