2990 4824
733 253 774 310 48

651 339 671 344 ψ
674 337 856 344 --Ἀ-...ᾕ-

187 454 285 520 rensii
309 455 553 534 commentatio,
587 456 678 518 ouius
706 455 745 518 de
776 455 882 519 altera
910 461 1018 538 parte,
1048 453 1125 536 quia
1150 455 1330 518 metricam

188 585 316 646 quoque
340 565 491 628 carminis
521 567 783 649 compositionem
812 567 960 650 respicit,
989 586 1095 649 pauca
1123 565 1241 630 addam
1271 587 1331 630 ne-

179 689 275 739 cesse
298 681 357 740 est.
382 677 557 742 Ahrensius
576 700 607 759 p.
625 682 686 739 577
703 699 749 760 sq.
773 679 807 741 in
830 678 965 742 alterius
988 678 1155 743 columnae
1178 677 1330 742 versibus

188 787 322 851 eandem
351 809 447 870 quam
476 810 534 871 ego
563 789 731 872 stropham
759 791 922 872 cognovit,
951 791 1008 854 sed
1034 811 1093 872 pro
1117 811 1214 854 versu
1236 791 1328 872 loga-

188 899 300 963 oedico
332 899 364 982 (9
389 905 421 963 et
448 900 501 986 10)
530 908 617 967 recte
647 903 764 966 statuit
791 903 976 984 trimetrum
999 902 1107 966 troch.
1136 901 1254 966 acatal.
1285 901 1328 964 ln

127 1025 135 1050 ··
190 1011 335 1093 exemplo
360 1011 444 1075 enim
468 1012 615 1092 chartae,
640 1013 726 1096 quod
748 1015 817 1097 ipse
840 1015 994 1101 inspexit,
1019 1014 1209 1093 Col.11,1o
1232 1035 1331 1078 voca-

187 1121 299 1186 bulum
329 1119 483 1208 χοραγός,
512 1125 599 1206 quod
623 1125 782 1206 Bergkius
805 1125 918 1190 scholii
940 1132 1069 1208 partem
1092 1147 1161 1189 esse
1183 1125 1331 1189 affirma-

188 1241 296 1312 verat,
319 1235 421 1317 ipsius
449 1257 559 1300 versus
591 1238 695 1301 exitus
728 1243 792 1318 est,
823 1244 855 1302 et
885 1237 930 1317 Il,
956 1242 997 1300 24
1029 1259 1094 1301 non
1120 1231 1237 1322 drdorr,
1269 1237 1332 1302 sed

185 1340 320 1428 Ἀγιδων
336 1348 491 1430 seriptum
508 1348 685 1429 invenitur,
707 1355 743 1414 ut
759 1351 823 1414 duo
838 1350 957 1430 integri
974 1354 1102 1414 exstent
1117 1350 1203 1412 trim.
1221 1350 1330 1414 troch.

191 1458 283 1536 Quod
313 1479 388 1522 vero
420 1457 596 1524 Ahrensius
627 1461 762 1526 eandem
793 1462 959 1544 stropha-m
989 1462 1023 1524 in
1058 1463 1164 1544 prima
1198 1483 1329 1543 quoque

190 1571 352 1649 columna,
377 1571 467 1634 ouius
489 1571 664 1636 maximam
685 1579 812 1654 partem
835 1575 1007 1636 restituere
1031 1579 1167 1638 conatus
1186 1579 1250 1652 est,
1271 1573 1330 1637 ad-

189 1682 326 1750 hibitam
349 1704 418 1748 esse
442 1683 621 1761 existimat,
651 1673 742 1748 idei
770 1685 921 1750 assentiri
950 1705 1014 1748 non
1044 1706 1192 1767 possum,
1221 1685 1280 1748 sed
1309 1707 1332 1749 a

192 1794 259 1860 Col.
282 1795 328 1874 II,
352 1799 369 1857 2
393 1802 523 1878 poetam
547 1795 612 1860 alia
634 1795 769 1878 stropha
792 1818 885 1860 usum
909 1818 981 1860 esse
1003 1803 1093 1879 puto.
1123 1796 1333 1877 Quamquam

192 1907 275 1972 enim
309 1907 465 1988 reliquiae
497 1928 647 1972 versuum
677 1909 712 1971 in
742 1909 847 1991 prima
877 1909 1026 1972 columna
1055 1907 1158 1972 simile
1188 1914 1334 1972 metrum

192 2023 292 2100 atque
315 2019 349 2082 in
372 2019 476 2083 altera
499 2018 597 2084 fuisse
622 2019 753 2100 docent,
782 2020 929 2087 nonnulli
952 2027 1061 2084 tamen
1083 2020 1221 2083 multum
1243 2020 1334 2083 inter

194 2152 227 2196 se
244 2129 406 2197 differunt.
430 2131 551 2196 Versus
572 2131 794 2214 logaoedious,
818 2131 930 2213 quiin
952 2132 1058 2196 altera
1081 2131 1230 2195 columna
1253 2132 1335 2195 ulti·

192 2265 262 2306 mus
286 2242 437 2325 strophae
460 2248 525 2321 est,
549 2244 582 2306 in
605 2244 711 2325 prima
734 2264 799 2307 non
822 2243 994 2306 invenitur.
1024 2243 1139 2306 Exitus
1163 2265 1332 2323 versuum,

192 2355 248 2437 qui
272 2377 311 2419 ex
335 2355 483 2419 Ahrensii
514 2355 676 2419 sententia
705 2353 856 2437 strophas
884 2355 1053 2432 claudunt,
1081 2354 1114 2418 hi
1139 2361 1234 2419 sunt:
1261 2355 1331 2420 Col.

192 2466 224 2547 I,
250 2474 267 2530 7
283 2487 290 2531 :
305 2516 311 2530 .
326 2517 332 2531 .
347 2466 394 2530 ,τ’
407 2459 519 2548 ἔξοχον
541 2463 678 2552 ἡμισέων
694 2503 738 2514 -
754 2465 822 2532 Col.
842 2466 874 2546 I,
896 2470 934 2529 21
953 2487 959 2529 :
975 2517 981 2530 .
996 2515 1003 2528 .
1019 2516 1025 2530 .
1039 2465 1334 2553 r,r(r)epoylecpoepoc

192 2619 236 2630 -
260 2579 326 2644 Col.
350 2578 398 2658 II,
425 2583 460 2642 1:
485 2570 564 2664 ἔργα
585 2571 690 2642 adcor
710 2575 791 2644 κακὰ
812 2576 1014 2664 μησαμέναι,·
1029 2579 1206 2660 requiritur
1221 2585 1334 2642 autem

192 2692 272 2756 haec
295 2712 405 2756 versus
428 2690 548 2755 forma:
580 2697 996 2761 -υυ-υυ-υ-ῦ-
1039 2689 1121 2756 Item
1146 2687 1213 2754 Col.
1241 2689 1271 2769 I,
1290 2693 1333 2754 30

192 2803 331 2886 legitur:
359 2788 385 2878 ,ſs
400 2852 406 2865 .
421 2795 480 2885 ἔβα
508 2805 572 2866 τῶν
602 2801 781 2883 dupondio,
818 2803 873 2867 ubi
903 2803 1197 2885 requiriturtrim.
1227 2802 1332 2874 troch.

195 2914 295 2991 Quem
324 2915 445 2979 nodum
475 2921 512 2978 ut
541 2913 707 2997 expediat,
736 2915 914 2980 Ahrensius
942 2914 1036 2980 docet
1064 2914 1109 3000 (p.
1133 2916 1229 2999 580):
1258 2913 1335 2978 Alo-

195 3047 321 3091 manem
345 3027 378 3090 in
401 3025 546 3091 versibus
569 3025 764 3109 logaocdicis
780 3035 814 3092 et
829 3021 1003 3092 trochaicis
1018 3049 1077 3111 pro
1093 3027 1190 3110 longa
1206 3023 1334 3108 syllaba

196 3139 303 3202 ultimi
326 3138 472 3203 trochaei
494 3137 663 3203 admisisse
686 3138 825 3206 brevem.
858 3138 921 3203 Sed
944 3161 1043 3231 quum
1066 3159 1170 3222 neque
1193 3139 1227 3201 in
1249 3137 1333 3200 inte-

195 3253 262 3334 gris
293 3251 429 3315 alterius
457 3251 623 3315 columnae
652 3251 797 3316 versibus
827 3272 931 3332 neque
959 3252 994 3314 in
1022 3251 1138 3316 ceteris
1168 3249 1332 3314 Alcmanis

197 3363 387 3447 fragmentis
410 3362 505 3428 huius
520 3363 672 3428 licentiae
688 3365 859 3446 vestigium
874 3363 1070 3444 inveniatur,
1086 3363 1258 3428 mutilatae
1272 3359 1333 3424 hae

197 3497 349 3541 versuum
364 3476 522 3558 reliquiae
538 3475 732 3558 persuadere
748 3475 825 3540 mihi
841 3497 905 3539 non
920 3481 1068 3558 possunt,
1080 3480 1118 3539 ut
1133 3495 1204 3540 eam
1218 3475 1334 3556 poetae

196 3594 307 3655 nostro
337 3589 512 3672 iniungam.
547 3588 733 3652 Alcmanem
758 3608 837 3652 xero
865 3587 1023 3652 eiusmodi
1052 3587 1197 3651 carmina
1225 3583 1334 3650 eondi-

172 3698 298 3781 disse,
316 3721 453 3783 quorum
475 3698 601 3764 duabus
623 3699 771 3782 partibus
794 3699 938 3763 diversas
961 3698 1112 3782 strophas
1135 3696 1333 3777 adhibuerit,

197 3817 389 3898 argumento
420 3819 496 3877 sunt
525 3811 776 3895 Hephaestionis
807 3809 906 3875 verba
935 3834 967 3894 p.
1001 3815 1079 3876 134:
1106 3804 1250 3898 Ἔγραψε
1272 3805 1333 3896 γὰρ

198 3922 316 4001 ἐκεῖνος
348 3923 511 4010 (Alcman)
543 3918 782 4011 δεκατεσσάρων
806 3927 954 4012 στροφῶν
977 3915 1125 4008 ᾄσματα·
1149 3914 1192 4006 qlv
1213 3920 1251 3985 τὸ
1273 3919 1333 4002 μὲν

199 4031 299 4123 ἥμισυ
321 4039 381 4100 τοῦ
403 4029 503 4099 αὐτοῦ
525 4034 644 4124 μέτρου
666 4033 817 4120 ἐποίησεν
840 4031 1079 4124 ἑπτάστροφον·
1116 4033 1154 4099 τὸ
1177 4032 1213 4098 δὲ
1236 4028 1335 4120 ἥμισυ

199 4146 319 4239 ἑτέρου.
345 4148 402 4214 cfr.
421 4147 613 4229 Welcker,
637 4147 739 4215 Alcm.
761 4169 792 4230 p.
821 4153 868 4212 13.
