2990 4824
752 295 792 356 34

230 499 232 504 ’
289 499 334 562 Ut
359 498 528 562 conveniat
547 497 621 562 huic
642 498 781 578 formae,
799 521 897 582 quam
915 499 1165 581 descripsimus,
1183 501 1355 582 scriptura

200 609 339 689 tradita,
366 631 431 674 non
454 610 565 674 multis
584 629 668 693 'opus
692 615 742 675 est
766 609 1063 689 emendationibus3
1085 609 1141 673 ubi
1156 631 1232 675 vero
1248 611 1353 693 plane

200 744 262 787 non
287 722 452 804 congruit,
477 723 575 787 etiam
599 743 637 786 ea
660 727 726 798 est,
754 729 791 787 ut
814 729 947 807 propter
971 723 1104 786 lacunas
1130 728 1162 787 et
1184 723 1353 791 vocabula

198 833 348 898 inaudita
371 838 542 898 contextus
566 835 723 917 explicari
745 857 810 899 non
833 836 945 919 possit.

285 947 414 1010 Priores
438 952 511 1010 coto
535 967 645 1010 versus
673 948 843 1029 utriusque
872 921 1025 1030 strophae
1060 946 1174 1032 (2-9‚
1202 951 1351 1036 16-23)

199 1079 331 1141 prorsus
354 1059 474 1141 integri
496 1063 591 1138 sunt,
611 1060 659 1122 ita
681 1065 718 1122 ut
738 1058 777 1123 de
797 1061 836 1122 iis
858 1058 1002 1123 dubitari
1019 1064 1169 1140 nequeat.
1199 1059 1237 1123 V.
1264 1065 1284 1123 5
1309 1067 1351 1125 ut

199 1169 282 1249 dixi,
305 1191 364 1252 pro
388 1164 577 1257 ἀκήρυκτος,
606 1170 693 1253 quod
715 1169 902 1236 Brinkius
926 1177 958 1236 et
980 1169 1175 1251 Bergkius
1199 1173 1352 1238 coniece-

169 1279 172 1286 '
199 1288 295 1360 runt,
311 1280 503 1346 vocabulum
519 1282 617 1345 trium
634 1281 831 1364 syllabarum
847 1281 1034 1364 requiritur.
1056 1282 1231 1347 Praeterea
1248 1283 1290 1348 V.
1307 1290 1348 1348 17

199 1392 348 1457 vocabuli
368 1387 521 1470 haerendo
543 1392 648 1457 altera
671 1393 796 1476 syllaba
823 1394 889 1458 arsi
915 1394 1111 1476 prolongata
1139 1400 1204 1474 est,
1234 1395 1346 1476 quod,

199 1525 297 1586 quum
322 1505 364 1569 sit
388 1526 504 1569 nomen
526 1505 709 1588 proprium,
733 1505 814 1569 nihil
838 1503 1022 1569 offensionis
1044 1506 1079 1569 in
1103 1526 1138 1569 se
1159 1504 1271 1573 habet.
1299 1545 1347 1555 —

198 1616 236 1679 V.
250 1620 300 1683 22.
312 1617 421 1700 prima
437 1617 519 1692 arsis
535 1617 680 1681 trochaei
696 1617 802 1681 soluta
819 1623 881 1697 est,
901 1617 963 1680 nisi
978 1617 1012 1680 in
1027 1616 1185 1681 vocabulo
1203 1613 1348 1706 διαφρά-

198 1727 256 1790 dcv
278 1728 437 1811 synizesin
461 1728 634 1794 admittere
657 1729 762 1793 malis.

284 1839 396 1922 Neque
426 1841 532 1911 minus
564 1848 688 1906 certum
718 1847 767 1905 est
797 1846 942 1924 metrum
968 1846 1152 1905 ceterorum
1183 1841 1344 1925 strophae

197 1973 361 2031 versuum,
391 1973 528 2034 quorum
557 1952 687 2017 dimetri
716 1953 877 2016 trochaici
905 1951 1022 2016 acatal.
1053 1951 1095 2038 (V
1098 1951 1134 2016 V.
1162 1957 1199 2015 12
1224 1959 1258 2017 et
1285 1959 1343 2035 13,

197 2068 239 2127 26
264 2069 296 2128 et
320 2063 374 2149 27)
405 2065 523 2147 integri
547 2071 638 2145 suut,
669 2066 853 2130 tetrametri
883 2064 1036 2148 dactylici
1061 2064 1098 2127 V.
1126 2069 1165 2127 14
1188 2065 1344 2130 emenda-

198 2177 301 2254 tione,
326 2175 363 2238 V.
389 2180 429 2239 28
453 2175 615 2260 scriptura
637 2177 761 2241 tradita
783 2177 979 2260 probantur,
1005 2175 1093 2258 quod
1111 2175 1197 2239 idem
1213 2175 1253 2240 de
1269 2199 1344 2242 ver-

198 2287 286 2352 sibus
308 2288 505 2370 logaoedicis
532 2294 569 2350 15
587 2295 619 2352 et
640 2292 679 2351 29
702 2288 873 2352 dicendum
896 2294 955 2352 est.
979 2288 1088 2352 Unum
1113 2287 1200 2369 quod
1221 2288 1257 2351 in
1281 2288 1344 2353 du-

195 2399 285 2463 bium
307 2406 441 2464 vocetur
463 2405 583 2480 restat,
611 2405 648 2464 ut
671 2422 822 2464 versuum
849 2404 887 2463 10
911 2405 943 2465 et
969 2405 1022 2480 11,
1053 2403 1094 2462 24
1118 2405 1150 2463 et
1173 2403 1213 2462 25
1238 2421 1341 2482 quam

197 2511 271 2577 dedi
294 2533 479 2577 mensuram
504 2511 698 2576 confirmem.
730 2512 851 2576 Verum
879 2513 977 2576 etiam
1004 2511 1065 2576 hoc
1094 2517 1233 2575 metrum
1262 2533 1341 2578 con·

195 2631 271 2692 stat.
294 2625 378 2689 Nam
401 2647 440 2689 ex
463 2624 589 2689 duobus
613 2625 757 2689 versibus
773 2625 988 2707 logaoediois‚
1006 2644 1087 2705 quos
1103 2625 1233 2706 utrique
1251 2630 1340 2689 stro-

195 2737 280 2821 phae
297 2737 397 2800 tribui
416 2737 497 2823 (VV.
515 2741 553 2800 10
569 2743 603 2800 et
621 2743 674 2817 11,
692 2742 733 2800 24
750 2742 782 2801 et
795 2738 865 2821 25),
882 2737 916 2801 in
937 2736 1045 2819 priore
1069 2736 1202 2818 stropha
1224 2757 1339 2801 versus

196 2850 356 2914 secundus
374 2850 425 2933 (V.
446 2849 514 2935 11),
530 2850 563 2912 in
578 2850 683 2913 altera
698 2871 810 2914 versus
828 2851 952 2932 primus
971 2849 1021 2935 (V.
1041 2846 1095 2932 24)
1114 2848 1176 2912 hoo
1194 2853 1340 2912 metrum

195 2969 307 3044 aperte
330 2961 488 3046 ferunt,¹)
517 2966 554 3025 ut
583 2961 621 3024 de
653 2961 787 3043 reliquis
817 2960 941 3025 duobus
970 2962 1026 3043 (10
1051 2965 1083 3023 et
1107 2959 1177 3045 25),
1207 2961 1341 3024 etiamsi

197 3073 288 3137 aliud
303 3073 456 3137 indicium
474 3073 598 3138 nullum
615 3077 712 3152 esset,
734 3094 828 3136 nemo
845 3079 955 3155 posset
970 3071 1129 3136 dubitare.
1160 3071 1221 3149 Qui
1237 3070 1340 3135 iidem

195 3192 307 3249 tamen
330 3206 456 3264 versus,
481 3206 676 3268 quamquam
700 3184 883 3249 emendat-io
903 3206 968 3249 non
983 3184 1102 3266 liquet,
1121 3187 1245 3247 rectam
1265 3205 1338 3248 esse

196 3318 379 3362 mensuram
404 3319 501 3380 quam
525 3296 598 3361 dedi
623 3297 861 3376 demonstrant,
880 3317 979 3378 quum
994 3294 1113 3379 prioris
1129 3315 1240 3359 versus
1256 3315 1337 3377 pars

195 3410 284 3492 prior
316 3409 369 3495 (V.
395 3415 443 3476 10.
468 3401 551 3472 odra.
576 3403 760 3495 ωμάσθαι),
790 3409 927 3473 alterius
950 3409 1057 3472 altera
1085 3407 1136 3491 (V.
1161 3408 1213 3473 25.
1235 3401 1339 3486 κόλαξ

196 3519 279 3596 Διὸς
301 3521 489 3608 δραμεῖται)
513 3528 616 3586 metro
642 3526 817 3604 congruat3
834 3527 941 3585 cetera
956 3521 1112 3585 lacunosa
1128 3518 1181 3605 (V.
1201 3520 1253 3602 10)
1277 3524 1339 3582 aut

197 3640 351 3718 corrupta
375 3634 427 3721 (V.
453 3635 519 3719 25).

283 3747 372 3811 Haeo
396 3747 508 3811 divisio
532 3746 670 3810 metrica
693 3721 792 3810 etiarn
817 3745 888 3830 ipsa
904 3744 1018 3809 charta
1032 3742 1204 3827 probatur,
1219 3743 1254 3805 in
1270 3762 1340 3824 qua

196 3859 400 3942 singularum
424 3860 630 3944 stropharum
653 3858 725 3922 finis
748 3858 835 3922 linea
857 3863 1044 3922 transversa
1063 3859 1140 3940 post
1158 3875 1270 3920 versus
1296 3859 1337 3918 15

196 3979 228 4036 et
254 3976 293 4034 29
318 3971 517 4055 significatus
540 3971 636 4056 esar)
1174 3981 1175 3986 ’

288 4228 304 4294 ¹)
323 4224 370 4278 oln
389 4237 457 4292 quae
475 4222 510 4276 ad
528 4221 579 4275 hos
597 4235 691 4275 versus
710 4221 838 4276 adnotata
857 4225 926 4276 sunt

284 4330 303 4398 ²)
322 4326 370 4380 cfr.
389 4325 539 4394 exemplum
554 4325 675 4392 chartae,
689 4323 760 4390 quod
773 4321 848 4374 dedit
861 4319 994 4389 Bergkius
1007 4321 1082 4376 Poet.
1096 4320 1144 4388 lyr.
1158 4319 1206 4374 Gr.
1217 4335 1244 4387 p.
1259 4319 1338 4378 1³80.
