2990 4824
763 279 804 339 20

680 365 887 376 -ω--ι-ι

306 484 496 544 Tetrameter
517 485 717 544 catalecticus
740 486 773 542 in
795 485 867 561 eyll.
892 478 1035 544 occurrit
1056 477 1116 560 srg.
1144 481 1193 554 17,
1212 482 1230 542 3
1250 483 1283 543 et
1299 483 1355 560 49,

213 597 413 658 catalecticus
440 597 473 654 in
499 594 608 674 disyll.
637 590 696 686 frg.
728 595 783 672 24,
808 594 845 671 2;
878 594 937 670 29;
967 594 1061 668 33,2
1092 595 1125 654 et
1152 593 1188 670 4,
1214 593 1232 652 6
1256 595 1289 654 et
1313 596 1354 668 73

215 708 270 784 34,
301 707 377 770 aa
399 708 433 784 4,
463 709 656 766 acatalectus
683 701 745 792 lrg.
777 707 834 783 33,
866 707 881 766 1
907 706 940 766 et
963 707 982 766 3
1006 706 1040 767 et
1063 706 1097 782 53
1126 706 1182 782 34,
1214 705 1288 765 let
1311 705 1353 782 33

214 822 272 897 45;
300 821 359 896 46;
387 821 438 881 47.
477 815 645 900 Spondeus
672 835 733 897 pro
763 814 894 897 dactylo
924 834 999 879 raro
1030 813 1206 893 admissae,
1236 819 1356 896 quater

214 934 344 996 tantum
365 929 399 994 in
421 929 628 1012 fragmentis,
657 947 741 1010 quae
770 931 918 992 exstant:
948 931 1004 1008 24,
1032 931 1069 1005 2,
1098 925 1162 990 nisi
1188 924 1251 990 hoe
1279 926 1354 992 loeo

214 1040 375 1124 spondeus
397 1062 457 1124 pro
479 1039 550 1104 basi
571 1038 741 1104 habendus
763 1044 830 1119 cst;
854 1042 946 1118 33,1
972 1041 1005 1102 et
1028 1041 1065 1117 5;
1089 1041 1145 1117 45,
1164 1042 1193 1102 3.
1217 1039 1353 1104 Tertius

213 1173 271 1237 pes
294 1173 421 1236 semper
443 1151 602 1236 dactylus.
630 1151 792 1217 Caesurae
814 1151 955 1216 maxime
978 1150 1105 1214 variant
1129 1154 1162 1214 et
1183 1151 1352 1218 masculae

215 1271 248 1329 et
271 1264 431 1333 femellae.
1250 1278 1254 1282 ·

304 1382 496 1440 Pentamctri
518 1381 638 1457 dactyl.
663 1380 840 1438 catalectici
861 1375 895 1438 in
918 1375 1004 1458 Syll,
1029 1397 1125 1458 quem
1149 1374 1279 1440 Servius
1302 1377 1352 1438 te·

214 1495 407 1554 trametrum
428 1488 726 1574 hypercatalectum
749 1486 918 1570 appellans
941 1487 1089 1552 Alcmani
1108 1485 1274 1573 tribuit,¹)
1297 1505 1352 1550 ex·

215 1601 355 1684 emplum
377 1601 505 1665 invenio
528 1599 589 1682 frg.
614 1604 670 1680 51,
695 1599 853 1682 siquidem
876 1599 1039 1681 integrum
1063 1604 1121 1664 est.

299 1714 435 1778 Praeter
456 1717 682 1777 tetrametrum
706 1712 891 1793 saepissime
915 1713 1057 1776 occurrit
1081 1739 1187 1774 versas
1202 1717 1350 1775 heroicus.

213 1827 288 1909 Frg.
314 1828 354 1887 26
378 1829 519 1906 quatuor
538 1828 668 1888 exstant
683 1823 879 1904 hexametri,
900 1825 955 1906 qui
973 1845 1071 1906 quum
1090 1823 1267 1908 spondeum
1285 1843 1352 1887 nen

214 1937 422 2015 admiserint,
450 1935 572 2017 dactyli
601 1935 714 2018 cyclici
737 1937 887 2001 videntur
910 1957 990 2001 esse.
1023 1936 1123 2018 Simul
1146 1936 1352 2001 dulcedinem

214 2050 377 2133 quandam
400 2051 435 2112 et
463 2048 671 2129 suavitatem,
703 2070 787 2131 quae
815 2055 1006 2131 argumento
1036 2049 1157 2131 optime
1186 2048 1351 2130 congruit,

212 2161 288 2226 inde
310 2164 479 2244 repetunt,
509 2160 586 2242 quia
607 2161 643 2224 in
664 2159 770 2225 tribus
793 2158 940 2226 versibus
965 2159 1014 2246 (l,
1039 2164 1075 2240 2,
1099 2160 1133 2247 4)
1163 2161 1351 2243 tetrapodia

214 2295 296 2355 quae
320 2272 441 2336 dicitur
463 2271 628 2352 bucolica,
651 2273 685 2336 in
707 2273 806 2337 tertio
830 2293 965 2336 caesura
987 2272 1117 2336 femella
1139 2271 1221 2336 κατὰ
1244 2269 1352 2360 τρίτον

212 2387 363 2470 τροχαῖον
385 2385 557 2450 invenitur.
585 2383 623 2446 In
647 2383 762 2448 ceteris
785 2383 981 2448 hexametris
1007 2383 1081 2470 (lrg.
1102 2384 1194 2469 393²)
1213 2389 1271 2464 403
1291 2389 1349 2464 41;

213 2495 284 2581 42),
308 2516 407 2577 quum
430 2501 655 2578 argumentum
679 2495 722 2559 sit
744 2516 877 2578 prorsus
900 2496 1075 2577 diversum,
1100 2498 1230 2579 saepius
1254 2517 1351 2580 spon·

213 2608 292 2674 deus
314 2630 374 2692 pre
398 2608 528 2691 dactylo
552 2614 584 2672 et
613 2628 740 2691 semper
766 2628 902 2674 caesura
930 2611 1076 2675 mascula
1105 2630 1188 2691 quae
1215 2614 1350 2674 vocatur

212 2713 461 2808 πενθημιμερὴς
482 2722 590 2803 posita
613 2725 670 2784 est.

300 2834 475 2898 Praeterea
504 2832 691 2897 Alcmanius
721 2832 907 2916 appellatur
936 2839 1123 2919 lteptameter
1148 2839 1348 2896 catalecticus

214 2951 246 3009 in
268 2950 339 3028 syll.
365 2943 565 3029 (hexameter
587 2942 935 3038 hypercatalectus),³)¹
952 2947 1043 3010 cuius
1067 2946 1247 3028 exemplum
1269 2944 1348 3010 mihi

212 3058 342 3122 videtur
359 3076 429 3140 esse
447 3057 570 3139 primus
588 3078 700 3122 versus
716 3057 869 3140 strophae
886 3058 996 3141 hymni
1013 3060 1047 3122 in
1064 3059 1172 3123 Iovem
1187 3059 1348 3141 Lycaeum

212 3170 273 3254 frg.
300 3170 365 3257 l.4)

301 3287 429 3346 Nuttteri
453 3288 653 3368 anapaestici
675 3282 771 3364 pauci
789 3303 899 3347 versus
914 3289 1049 3347 restant.
1079 3261 1216 3345 Dt'itteter
1236 3301 1348 3347 acata-

213 3402 305 3459 lectus
328 3398 469 3461 occurrit
492 3394 551 3477 frg.
571 3401 608 3458 19
627 3401 659 3459 et
680 3399 735 3475 32,
761 3401 792 3459 et
815 3396 878 3458 nisi
901 3395 964 3460 due
984 3395 1120 3460 'dimetri
1142 3397 1203 3461 hoc
1225 3397 1298 3461 loco
1315 3397 1347 3461 in

212 3515 440 3575 tetrametrum
464 3507 677 3590 coniungendi
701 3514 790 3587 sunt,
815 3507 875 3589 frg.
900 3513 950 3570 28.

300 3630 471 3686 Dimetram
493 3625 723 3698 catalecticum,
742 3621 798 3703 qui
812 3620 1037 3703 paroemiacus
1056 3627 1206 3703 vocatur,
1230 3621 1290 3706 frg.
1308 3627 1347 3687 30

213 3756 350 3801 rnvenre.

303 4009 321 4076 ¹)
340 4006 432 4059 Cant.
450 4019 475 4073 p.
496 4002 569 4057 1320.

298 4116 319 4176 ²)
339 4109 382 4164 Ad
401 4108 452 4176 frg.
470 4109 504 4162 39
523 4107 570 4161 cfr.
588 4105 714 4174 Bergk,
732 4107 807 4161 Poet.
825 4106 874 4174 lyr.
893 4123 911 4175 p
940 4106 1013 4159 1385.

299 4216 321 4285 ³)
340 4214 389 4269 cfr.
408 4213 494 4267 Serv.
513 4231 539 4282 p.
559 4213 657 4266 1820.-

299 4321 321 4390 ⁴)
339 4319 387 4373 cfr.
406 4317 478 4373 infra
496 4335 521 4386 p.
540 4319 582 4373 25.
