2990 4824
775 274 792 330 5

682 360 886 368 ...o——

216 485 292 544 tur:
307 477 333 564 ¹)
358 476 496 542 Delches
521 475 612 562 (sict)
637 476 692 557 qui
714 496 848 558 parvam
871 472 1006 538 Iliadem
1029 472 1107 536 fecit
1130 477 1162 536 et
1179 472 1354 537 Alcmaeon

216 588 503 676 cognoscebantur.
531 587 615 652 Huic
639 607 767 671 quoque
788 587 860 652 loco
883 585 957 650 inde
984 583 1072 649 haud
1098 583 1244 667 paullum
1272 605 1352 668 pon-

219 703 306 768 deris
335 700 543 766 tribuendum
571 704 634 778 est,
664 697 752 781 quod
782 696 924 762 eiusdem
958 717 1030 760 eum
1053 695 1207 760 Alcmana
1235 697 1354 762 aetatis

216 814 355 879 Lesches
376 810 514 876 Lesbius
539 815 818 875 commemoratur.
871 809 1014 873 Lesehae
1035 808 1119 871 enim
1142 812 1232 870 aetas
1256 828 1355 889 quum

218 932 352 1008 propter
374 945 448 988 eum
471 943 565 1004 quem
587 923 622 986 in
643 921 781 985 historia
803 921 910 1003 poesis
941 921 1051 1003 opicae
1080 922 1169 988 tenet
1191 924 1353 1010 locum,⁹)

217 1043 291 1100 tum
312 1041 448 1120 propter
471 1039 560 1098 certa
583 1038 728 1097 veterum
751 1032 946 1114 scriptorum
974 1033 1161 1098 testimonia
1186 1036 1274 1100 infra
1295 1038 1355 1102 ini·

219 1148 301 1210 tium
338 1147 458 1211 saeculi
494 1145 622 1227 septimi
662 1143 814 1208 collocari
849 1143 972 1224 nequit.
1028 1144 1169 1210 Phanias
1208 1147 1353 1227 Erosius,

225 1257 410 1322 Aristotelis
433 1256 623 1340 discipulus,
652 1255 743 1320 cuius
765 1252 884 1318 librum
907 1253 947 1318 de
970 1255 1074 1337 poetis
1096 1258 1234 1322 alterum
1257 1259 1355 1324 Athe-

220 1388 320 1432 naeus
341 1366 507 1452 laudat,³)
536 1367 624 1450 apud
654 1365 851 1431 Clementem
880 1365 1133 1431 Alexandrinum
1142 1367 1169 1454 4)
1199 1370 1354 1434 Leschem

221 1478 423 1561 Terpandro,
447 1499 543 1562 quem
571 1479 677 1560 ipsum
704 1479 862 1541 iuniorem
885 1477 1078 1542 Archilocho
1101 1481 1234 1560 statuit,
1261 1503 1354 1565 supe-

218 1591 338 1654 riorem
365 1589 465 1654 luisse
491 1589 647 1669 affirmat,
675 1589 761 1652 unde
790 1589 845 1670 qui
872 1609 944 1652 eum
973 1589 1140 1671 aequalem
1170 1591 1354 1656 Archilochi

218 1701 268 1765 vel
283 1702 393 1786 paullo
409 1701 595 1765 inferiorem
610 1700 709 1764 fuisse
726 1700 892 1764 contendit
907 1706 1005 1782 atque
1020 1700 1145 1785 Olymp.
1162 1702 1354 1768 XX-XXV

220 1812 352 1892 tribuit,
374 1833 439 1877 non
462 1813 601 1876 multum
623 1833 643 1876 a
666 1832 740 1874 vero
764 1810 973 1877 aberraverit:
998 1811 1091 1887 Quod
1111 1811 1198 1876 idem
1212 1814 1353 1879 Phanias

219 1925 386 1991 Arctinum
414 1923 576 1988 Milesium
604 1946 625 1987 a
653 1922 776 1986 Lesche
804 1923 925 1986 musico
958 1924 1133 1987 certamine
1164 1931 1352 2006 superatum

224 2057 293 2100 esse
315 2035 422 2115 addit,
447 2038 507 2099 etsi
531 2035 620 2099 nullo
643 2033 739 2100 modo
762 2033 895 2117 probari
916 2035 1033 2117 possit,
1063 2039 1208 2099 attamen
1230 2035 1273 2100 ad
1294 2036 1355 2101 Le-

220 2146 316 2210 schae
339 2151 480 2210 aetatem
509 2151 668 2229 quantum
696 2147 831 2225 attinet,
854 2166 914 2227 pro
938 2147 1125 2210 testimonio
1148 2147 1354 2230 antiquitatis

222 2257 406 2323 habendum
430 2258 524 2342 est.⁵)

306 2369 468 2436 Collatum
491 2368 541 2433 his
564 2389 645 2451 quos
669 2368 708 2433 de
731 2368 896 2433 Alcmanis
925 2373 1034 2434 aetate
1064 2369 1162 2433 attuli
1189 2368 1269 2434 locis
1297 2369 1356 2434 ali·

220 2482 368 2563 quantuli
391 2482 489 2545 etiam
512 2482 668 2544 momenti
692 2486 755 2560 est,
779 2481 866 2563 quod
890 2481 1039 2566 Suidas⁶)
1061 2482 1213 2546 Arionem
1230 2480 1355 2566 Methy-

218 2614 366 2657 mnaeum
377 2593 539 2656 Alcmanis
552 2591 746 2674 discipulum
758 2593 912 2675 appellat.
938 2593 999 2670 Qui
1014 2613 1112 2675 quum
1127 2593 1213 2658 circa
1228 2594 1354 2677 Olymp.

218 2703 385 2768 XXXVIII
403 2705 494 2790 (625)
515 2706 549 2768 iu
570 2703 805 2768 constituendis
826 2703 1043 2786 ducendisque
1064 2703 1278 2787 dithyrambis
1295 2703 1354 2768 Co·

218 2815 318 2878 rinthi
337 2822 537 2893 versaretur,
550 2815 576 2900 7)
601 2835 677 2896 ergo
700 2820 769 2879 tum
792 2836 857 2879 non
879 2816 945 2878 iam
968 2814 1142 2880 admodum
1164 2814 1353 2880 adolescens

220 2947 289 2990 esse
311 2934 436 3011 posset,
464 2927 525 2991 hoc
548 2945 677 3009 quoque
701 2926 917 3009 temporibus,
948 2926 1063 3008 quibus
1086 2927 1274 2991 Alcmanem
1296 2925 1353 2992 ad-

222 3037 405 3120 scribimuS,
429 3039 549 3124 optime
573 3038 735 3120 congruit,
761 3059 859 3120 quum
874 3040 931 3121 qui
946 3039 1083 3103 alteram
1099 3043 1266 3103 sectantur
1282 3060 1354 3103 sen-

220 3150 371 3230 tentiam,
389 3151 542 3214 Arionem
561 3149 660 3212 etiam
684 3150 882 3232 superiorem
899 3151 1054 3215 Alcmane
1070 3157 1213 3215 statuere
1231 3155 1265 3215 et
1284 3151 1354 3215 Sui-

216 3261 276 3325 dae
294 3262 379 3326 hanc
390 3263 611 3326 narrationem
628 3282 761 3344 prorsus
780 3260 950 3343 neglegere
967 3269 999 3326 et
1016 3264 1165 3327 omittere
1184 3269 1352 3344 cogantur.

217 3431 422 3438 -ffl

327 3507 342 3570 ¹)
361 3523 388 3574 ι).
407 3505 449 3559 86·

321 3609 342 3674 ²)
360 3608 504 3675 Miller,
523 3608 567 3661 1.1
593 3625 620 3677 p.
641 3609 697 3660 114.

322 3713 594 3782 ³)V111.p.3520.
767 3689 770 3696 ’

318 3817 340 3884 ⁴)
359 3817 528 3870 stromata
548 3819 558 3869 1
587 3825 608 3881 -5,
632 3819 676 3869 131
699 3823 728 3887 (p
757 3815 920 3878 asarota).

320 3925 342 3984 ³)
363 3920 440 3986 Quod
460 3921 658 3974 ll'clckcrus
678 3921 695 3974 l.
714 3921 731 3974 l.
744 3940 771 3990 p.
785 3924 800 3973 7
828 3918 966 3972 Xanthum
981 3919 1083 3988 Lydum
1098 3907 1260 3972 narrationis
1274 3918 1354 3972 buirus

215 4011 350 4062 auctorem
368 4020 427 4059 esse
446 4011 473 4059 et
491 4006 642 4059 certaminis
659 4011 765 4074 tempus
784 4005 887 4075 Olymp.
902 4005 994 4058 XVIII
1013 4005 1113 4058 addere
1132 4003 1276 4068 contendit,
1295 4004 1353 4072 ipse

215 4091 349 4146 refutavit.
370 4092 410 4144 cir
436 4092 563 4145 Kleinere
582 4091 719 4145 Schriften
737 4092 756 4144 1.
776 4109 802 4161 p.
821 4092 873 4144 437
892 4097 947 4144 not.
965 4091 989 4144 5.

320 4193 340 4262 ⁶)
359 4209 379 4245 a.
399 4210 420 4246 v.
439 4190 550 4270 Ἀρίων.

323 4307 340 4370 ³)
360 4304 401 4356 cfr
428 4304 527 4370 Bode,
546 4304 561 4358 1,
581 4304 598 4357 1.
616 4320 641 4370 p.
660 4304 719 4356 372.
755 4303 877 4358 Herod
898 4305 917 4357 1.
936 4305 978 4358 23.
