2990 4824
731 287 769 345 35

268 488 337 552 Iam
365 508 403 551 eo
432 480 662 571 disputationis
693 489 854 568 venimus,
885 493 922 552 ut
952 509 1035 570 quae
1064 489 1128 551 sint
1155 490 1319 556 Alcmanis

180 599 223 663 de
245 599 382 663 metrica
405 604 477 663 arte
500 600 634 679 merita,
661 599 757 683 plane
785 602 1053 683 perspexerimus.
1089 599 1123 664 Si
1144 596 1245 681 igitur
1267 619 1320 661 ex·

180 712 291 794 posita
312 710 453 775 breviter
476 712 679 793 strictimque
704 712 781 776 licet
804 716 966 794 repetere,
994 716 1092 794 poeta
1117 716 1228 774 noster
1255 731 1319 774 uon

181 823 290 888 solum
306 843 388 887 nova
403 829 509 887 metra
525 828 557 887 et
572 823 695 887 invenit
710 829 743 887 et
759 845 798 888 ex
810 823 881 887 aliis
893 824 1000 906 poesis
1012 822 1182 905 generibus
1197 823 1230 885 in
1247 822 1321 886 cho-

181 936 289 998 rioam
311 934 453 1015 induxit,
481 933 538 998 sed
561 937 660 999 etiam
683 955 768 1015 earn,
792 956 875 1018 quae
898 936 1018 1018 optime
1041 934 1149 1016 lyricis
1172 933 1322 997 carmini-

181 1047 245 1112 bus
258 1049 419 1126 convenit,
432 1046 570 1111 formam
583 1048 707 1129 primus
721 1049 903 1130 usurpavit,
916 1053 1094 1129 systemata
1106 1045 1178 1110 dico
1191 1051 1224 1110 et
1237 1050 1322 1110 stro·

180 1163 266 1247 phas
295 1161 427 1224 maioris
454 1160 626 1223 minorisve
651 1160 759 1242 spatii.
796 1159 889 1223 Hanc
917 1159 1113 1240 strophicam
1142 1160 1320 1222 carminum

181 1273 433 1355 descriptionem
448 1270 644 1334 Plutarchus
660 1272 820 1354 respicere
837 1271 965 1335 videtur
988 1272 1052 1334 illis
1068 1270 1190 1334 verbis:
1206 1271 1230 1357 ¹)
1253 1268 1322 1334 ἔστι

181 1386 220 1450 δέ
234 1407 286 1459 τις
299 1383 350 1447 καὶ
364 1378 556 1468 Ἀλκμανικὴ
571 1382 759 1464 καινοτομία
775 1383 892 1469 (intell.
911 1383 1161 1472 ῥυθμοποιίας),
1185 1383 1218 1447 id
1234 1382 1321 1465 quod

182 1521 224 1564 ex
235 1495 341 1561 verbis
354 1516 438 1578 quae
450 1494 563 1559 addit:
580 1493 634 1558 καὶ
649 1489 879 1582 Στησιχόρειος
895 1503 1007 1579 aperte
1025 1497 1138 1560 elucet.
1155 1496 1193 1559 In
1209 1494 1321 1559 eodem

183 1610 272 1674 enim
295 1609 401 1691 capite
423 1628 522 1690 quum
538 1613 648 1686 antea,
666 1608 745 1689 quid
761 1608 961 1700 Terpander,
979 1610 1068 1673 ouius
1085 1609 1229 1672 carmina
1243 1604 1324 1670 κατὰ

183 1719 296 1802 στίχον
318 1720 498 1802 composita
520 1719 619 1783 fuisse
643 1726 786 1798 constat,
816 1721 996 1798 novaverit,
1027 1725 1156 1803 postea,
1180 1725 1218 1783 ut
1240 1719 1322 1799 dixi,

184 1832 362 1898 Stesichori
386 1837 615 1896 commemoret
637 1829 857 1913 καινοτομίαν,
879 1853 962 1913 quae
979 1831 1156 1914 epodorum
1172 1853 1232 1895 usu
1248 1852 1324 1894 con-

183 1944 357 2030 tinetur‚²)
388 1943 427 2008 de
450 1943 616 2008 Alcmanis
639 1945 823 2008 inventione
846 1944 1043 2026 rhythmica,
1073 1943 1179 2024 qualis
1208 1942 1321 2020 luerit,

184 2078 280 2122 nemo
303 2061 411 2140 potest
434 2054 594 2121 dubitare.
618 2055 702 2118 Nam
723 2057 808 2119 inter
830 2057 1095 2137 compositionem
1115 2053 1196 2119 κατὰ
1215 2053 1325 2137 στίχον

186 2176 221 2234 et
244 2169 339 2252 plane
361 2169 540 2251 perfectam
563 2167 654 2231 illam
676 2167 797 2231 chorici
814 2169 966 2231 carminis
982 2168 1134 2249 formam,
1151 2189 1234 2250 quae
1251 2189 1325 2232 oon-

186 2287 256 2346 stat
277 2301 316 2345 ex
339 2280 490 2363 stropha,
513 2279 736 2363 antistropha,
761 2279 880 2364 epodo,
905 2279 983 2362 quid
1003 2281 1093 2344 aliud
1117 2303 1186 2345 esse
1206 2286 1325 2365 potest,

188 2414 288 2476 quam
310 2393 397 2457 solus
421 2393 628 2475 stropharum
651 2415 728 2456 usus
752 2394 820 2456 sine
844 2392 962 2475 epodo,
985 2394 1077 2457 cuius
1093 2393 1239 2476 profecto
1255 2394 1326 2456 nul-

188 2505 258 2568 lum
280 2506 313 2567 iu
332 2505 496 2569 Alemanis
519 2504 709 2586 fragmentis
732 2505 902 2586 vestigium
925 2506 1098 2568 invenitur.
1122 2505 1201 2568 Esse
1218 2511 1325 2568 autem

189 2623 295 2682 artem
322 2619 492 2682 metricam
521 2639 595 2682 vere
624 2617 802 2701 perfectam
832 2639 884 2696 eo,
914 2616 1000 2698 quod
1024 2617 1159 2681 Alcman
1181 2619 1326 2697 novavit,

188 2730 358 2794 Plutarchi
381 2729 502 2810 verbis,
526 2752 610 2812 quae
633 2730 676 2794 ad
699 2731 804 2794 locum
827 2728 998 2792 laudatum
1021 2729 1133 2794 addit:
1156 2729 1211 2793 καὶ
1228 2725 1327 2793 αὐταὶ

189 2843 249 2928 (sc.
272 2840 486 2926 aucreceptus)
511 2839 567 2905 οὐκ
590 2837 775 2930 ἀφεστῶσαι
796 2845 855 2904 τοῦ
876 2841 975 2906 καλοῦ
996 2843 1092 2925 plane
1116 2848 1263 2925 apparet.

277 2955 422 3020 Metricis
449 2955 500 3018 his
527 2954 765 3019 inventionibus
794 2956 892 3018 etiam
920 2955 1062 3018 musicas
1091 2956 1264 3035 contineri,
1296 2961 1328 3019 et

154 3119 158 3125 .
190 3089 207 3132 e
235 3073 389 3132 contextu
419 3067 536 3150 eapitis
558 3066 740 3146 Plutarchi,
765 3066 853 3148 quod
874 3066 1130 3154 laudavimus,³)
1156 3069 1327 3148 evincitur,

189 3201 294 3262 neque
317 3180 373 3263 qui
401 3180 576 3243 arctissimi
599 3181 735 3259 vinculi,
766 3200 829 3262 quo
855 3200 908 3242 ars
937 3180 1061 3244 musica
1089 3181 1179 3264 poesi
1209 3180 1328 3263 lyricae

191 3293 365 3358 coniuncta
385 3292 483 3357 fuerit
505 3292 593 3375 apud
616 3292 773 3372 Graecos,
797 3293 957 3357 rationem
979 3292 1092 3372 habet,
1118 3313 1260 3374 unquam
1283 3293 1330 3356 in·

190 3404 360 3471 fitiabitur.
389 3407 544 3470 Attamen
567 3404 650 3486 quid-
670 3404 709 3468 de
732 3406 853 3469 musice
878 3405 1014 3470 Alcman
1036 3405 1204 3483 meruerit,
1229 3426 1329 3487 quum

191 3518 287 3582 huius
310 3519 392 3582 artis
416 3516 502 3601 apud
525 3516 667 3581 Graecos
690 3516 827 3580 historia
847 3516 990 3581 nondum
1010 3517 1091 3580 satis
1109 3516 1152 3580 sit
1167 3517 1331 3599 explicata

192 3635 226 3693 et
247 3635 379 3712 aperta,
408 3629 510 3695 statui
539 3649 603 3693 non
625 3634 745 3712 potest.
776 3630 855 3693 Tres
879 3633 988 3693 autem
1010 3628 1098 3694 modi
1120 3629 1236 3693 musici
1260 3634 1330 3693 tum

191 3743 226 3806 in
250 3741 387 3807 Graecia
409 3743 494 3822 noti,
518 3739 652 3822 Dor-ius,
676 3740 810 3823 Lydius,
840 3741 1015 3825 Phrygius,
1047 3763 1127 3824 quos
1150 3742 1331 3807 Boechhius

191 3853 374 3935 primitivos
397 3855 593 3939 appellat,4)
609 3876 721 3919 omnes
744 3854 785 3918 ab
809 3855 963 3919 Alcmana
987 3855 1134 3938 usurpati
1158 3861 1243 3921 sunt.
1267 3855 1331 3919 Do-

193 3995 315 4002 —-.—-
327 3998 341 4002 ..
360 3997 398 4002 ,-

281 4061 301 4127 ¹)
319 4060 352 4115 de
371 4077 470 4116 muso
501 4063 539 4117 12.
558 4080 584 4130 p.
606 4063 706 4128 10,12.

280 4146 301 4214 ²)
319 4148 370 4200 cfr.
383 4148 470 4202 Bode
483 4149 541 4203 lIb.
554 4167 580 4218 p.
593 4150 634 4202 75.
662 4149 825 4218 Welrker,
839 4152 966 4204 lileinere
980 4153 1115 4206 Srluit'ton
1131 4153 1141 4204 l
1163 4170 1180 4220 p
1203 4153 1252 4202 169
1265 4169 1296 4220 sq

280 4231 301 4292 ³]
320 4232 352 4286 de
370 4249 438 4288 mus.
457 4251 479 4289 c.
500 4236 538 4288 12.

282 4317 303 4384 ⁴)
321 4316 354 4372 de
373 4325 447 4374 metr.
467 4321 536 4374 Pind
564 4339 590 4390 p.
609 4321 667 4374 214.
