2990 4824
700 290 739 350 25

615 377 822 386 ————·—

151 491 225 578 (hg.
253 492 389 576 l-ll);
420 513 518 575 quam
541 493 699 576 Berglrius
721 494 755 558 in
777 494 844 558 tria
866 491 937 558 cola
959 490 1184 575 distinguit;¹)
1214 511 1289 556 con-

149 609 217 670 stat
238 624 314 669 vero
331 623 371 668 ex
392 605 595 687 heptametro
613 604 788 688 dactylico,
810 626 906 687 quem
923 605 1087 669 Alcmanis
1103 623 1173 668 esse
1189 623 1288 686 supra

150 716 342 802 diximus,¹)
367 722 401 782 et
423 714 548 781 duabus
570 717 720 800 tripodiis
742 715 903 795 iambicis,
927 735 1064 798 quarum
1081 715 1185 779 altera
1202 719 1290 778 cata-

150 827 269 892 lectica
292 829 414 892 exitum
437 828 542 892 lenem
566 835 598 893 et
621 835 734 912 aptum
758 829 867 894 efficit.
891 827 1042 892 Brevium
1060 827 1176 891 harum
1197 827 1224 889 si
1241 827 1290 890 ita
1316 841 1335 868 ··

149 940 227 1005 licet
249 940 416 1004 nominare
440 939 647 1023 stropharum
670 942 795 1024 plures,
816 941 850 1005 id
865 940 954 1024 quod
969 938 1122 1004 adfinem
1139 938 1288 1003 choricae

150 1052 289 1116 actionis
320 1053 538 1136 necessarium
570 1059 634 1132 est,
667 1054 701 1117 in
731 1055 870 1118 maiores
898 1051 1068 1135 pericopas
1098 1044 1294 1115 coniunctae¹

151 1170 261 1244 crant,
282 1185 420 1247 quarum
440 1171 550 1228 tamen
566 1163 639 1229 finis
654 1165 787 1230 metrice
804 1184 867 1229 nou
883 1169 956 1228 erat
971 1163 1163 1244 descriptus.
1187 1162 1289 1239 Quem

151 1275 283 1340 modum
307 1277 546 1358 componendae
570 1277 724 1359 strophae
747 1277 788 1341 ab
812 1275 1005 1340 Archilocho
1027 1276 1193 1339 inventum
1216 1274 1291 1338 Alc·

149 1409 226 1453 man
248 1389 373 1471 primus
401 1389 437 1451 in
464 1390 610 1454 carmina
640 1389 770 1453 chorica
799 1389 944 1468 induxit3
973 1393 1061 1452 certe
1092 1407 1200 1466 nemo,
1233 1387 1288 1468 qui

150 1507 227 1565 ante
250 1521 323 1566 eum
346 1501 380 1563 in
402 1501 492 1582 poesi
515 1501 720 1565 Doriensium
742 1502 871 1566 chorica
893 1501 955 1564 hoc
976 1501 1156 1577 novaverit,
1180 1498 1290 1564 afferri

150 1618 270 1695 potest.
295 1614 447 1676 Attamen
470 1613 497 1675 si
521 1612 657 1677 Alcman
680 1615 713 1676 in
735 1613 796 1677 hoc
820 1613 984 1692 stetisset,
1006 1613 1076 1677 iure
1093 1633 1166 1676 eum
1182 1613 1291 1676 inven-

151 1731 257 1788 torem
280 1723 433 1806 strophae
456 1723 591 1788 laudare
615 1746 678 1788 nou
702 1746 877 1807 possemus.
903 1725 966 1789 Sed
989 1725 1093 1806 primo
1114 1725 1208 1806 quasi
1225 1725 1289 1788 iam
1382 1701 1385 1716 ¹

154 1835 310 1916 adspectu
329 1857 368 1900 ex
382 1836 572 1918 fragmentis
590 1837 716 1919 longius
736 1838 932 1920 processisse
954 1837 1170 1920 cognoscitur.
1192 1836 1291 1900 Prae-

157 1949 271 2010 terea
295 1949 375 2011 enim
398 1969 482 2030 quae
506 1949 644 2013 diximus
668 1951 812 2014 carmina
834 1947 915 2014 nord
936 1947 1046 2031 στίχον
1063 1953 1121 2012 aut
1139 1969 1179 2012 ex
1198 1947 1291 2012 disti-

152 2057 222 2122 chis
239 2061 418 2141 composita
433 2082 497 2125 non
514 2062 617 2125 solum
642 2067 820 2144 systemata
840 2063 989 2140 metrica,
1012 2059 1068 2124 sed
1089 2060 1187 2125 etiam
1209 2081 1291 2143 quas

151 2171 315 2234 strictiore
338 2173 467 2236 nomine
491 2193 642 2237 vocamus
666 2175 817 2257 strophas
840 2175 960 2257 lyricas
982 2175 1172 2238 invenimus.
1200 2171 1289 2249 Quae

149 2282 376 2366 rhythmorum
399 2284 522 2348 formae
546 2287 623 2366 quia
646 2285 795 2350 choricac
817 2287 907 2369 poesi
930 2291 1063 2369 propter
1084 2285 1289 2350 coniunctam

149 2394 324 2460 melodiam
348 2401 381 2460 et
404 2397 610 2465 saltationem
642 2398 782 2462 maxime
810 2404 907 2481 aptae
934 2405 1031 2480 etque
1059 2395 1290 2462 accomodatae

151 2511 185 2569 et
207 2523 228 2570 a
249 2508 356 2589 poetis
380 2507 516 2572 choricis
539 2515 653 2591 postea
682 2510 771 2574 solae
801 2493 1095 2593 sunt'usurpataa
1127 2529 1192 2572 non
1219 2529 1292 2590 per·

149 2637 261 2700 peram
278 2618 425 2684 Clemens
441 2620 680 2686 Alexandrinus
695 2622 904 2701 Alcmanem,
927 2623 982 2704 qui
1001 2622 1126 2705 primus
1148 2620 1189 2683 iis
1211 2639 1291 2683 usus

150 2730 207 2809 sit,
235 2731 436 2795 inventorem
460 2733 564 2811 chori,
597 2753 693 2814 quem
717 2736 785 2798 sine
808 2732 905 2798 dubio
928 2755 992 2797 non
1015 2731 1191 2816 ignorabat
1214 2737 1290 2796 ante

150 2841 339 2906 Alcmenem
362 2842 476 2923 fuisse,
499 2845 670 2927 praedicat
692 2846 853 2933 dicens:³)
871 2843 1013 2933 Χορείαν
1025 2839 1167 2927 Ἀλκμὰν
1182 2849 1291 2907 Λακε-

152 2947 319 3034 δαιμόνιος
342 2975 384 3018 sc.
409 2950 589 3041 ἐπενόησεν.
613 2957 727 3040 Neque
749 2960 856 3022 minus
878 2959 1000 3042 optimo
1020 2960 1090 3022 iure
1112 2959 1146 3022 in
1169 2977 1290 3021 canone

150 3085 246 3146 quem
269 3073 386 3131 vocant
407 3074 578 3149 poetarum
600 3067 774 3151 lyricorum
790 3070 1009 3134 Alexandrino
1025 3072 1166 3152 primum
1182 3069 1290 3134 locum

150 3174 290 3256 obtinet,
318 3198 418 3260 quum
446 3178 584 3243 formam
612 3181 703 3244 illam
735 3183 931 3260 carminum,
962 3203 1060 3264 quam
1090 3203 1110 3246 a
1137 3181 1290 3260 Pindaro,

152 3287 330 3368 Simonide,
360 3289 432 3353 aliis
461 3292 563 3372 magis
592 3297 721 3356 tantum
749 3293 911 3356 excultam
941 3301 974 3356 et
997 3297 1148 3357 ornatam
1178 3293 1291 3356 etiam-

149 3419 236 3463 nunc
268 3400 485 3481 edmiramur,
519 3402 643 3484 primus
677 3405 845 3472 creaverit
891 3404 1107 3481 Quamobrem
1143 3403 1290 3488 profecto

152 3513 435 3595 operaepretium
458 3521 522 3593 est,
549 3534 653 3596 neque
676 3536 797 3597 parvae
824 3521 856 3580 et
884 3516 1044 3599 voluptati
1075 3523 1108 3581 et
1135 3516 1289 3596 utilitati,

152 3643 216 3706 qua
235 3625 364 3688 ratione
387 3625 456 3709 ipse
479 3632 593 3690 auctor
616 3632 793 3709 systemata
821 3635 853 3692 et
876 3628 1028 3710 strophas
1052 3629 1287 3712 composuerit,

152 3754 344 3818 cognoscere
366 3737 543 3822 paucisque
565 3737 761 3806 describere.

164 3930 356 3938 --—-—..—---

240 4058 258 4124 ¹)
277 4057 326 4110 cfr.
345 4053 457 4124 Bergk
474 4057 509 4112 ud
529 4058 578 4126 frg.
599 4061 621 4111 1.

237 4185 429 4253 Qffipw

237 4315 258 4380 ³)
278 4314 447 4370 stromate
464 4317 489 4384 Ι,
510 4318 550 4372 16.
567 4332 595 4384 p.
613 4315 665 4371 365
683 4317 725 4372 cd.
744 4319 863 4372 Potter.
