<?xml version="1.0" encoding="UTF-8"?>
<!DOCTYPE html PUBLIC "-//W3C//DTD XHTML 1.0 Transitional//EN"
    "http://www.w3.org/TR/xhtml1/DTD/xhtml1-transitional.dtd">
<html xmlns="http://www.w3.org/1999/xhtml" xml:lang="en" lang="en">
 <head>
  <title>
</title>
<meta http-equiv="Content-Type" content="text/html;charset=utf-8" />
  <meta name='ocr-system' content='tesseract 3.04.00' />
  <meta name='ocr-capabilities' content='ocr_page ocr_carea ocr_par ocr_line ocrx_word'/>
</head>
<body>
  <div class='ocr_page' id='page_1' title='image "./dealcmanepoetal00nigggoog_0039.png"; bbox 0 0 2990 4824; ppageno 0'>
   <div class='ocr_carea' id='block_1_1' title="bbox 750 241 790 300">
    <p class='ocr_par' dir='ltr' id='par_1_1' title="bbox 750 241 790 300">
     <span class='ocr_line' id='line_1_1' title="bbox 750 241 790 300; baseline -0.025 0"><span class='ocrx_word' id='word_1_1' title='bbox 750 241 790 300; x_wconf 88' lang='lat'><strong>30</strong></span> 
     </span>
    </p>
   </div>
   <div class='ocr_carea' id='block_1_2' title="bbox 668 327 873 338">
    <p class='ocr_par' dir='ltr' id='par_1_2' title="bbox 668 327 873 338">
     <span class='ocr_line' id='line_1_2' title="bbox 668 327 873 338; baseline 0.005 -2"><span class='ocrx_word' id='word_1_2' title='bbox 668 327 873 338; x_wconf 52' lang='grc' dir='ltr'>..ψ-..Μ</span> 
     </span>
    </p>
   </div>
   <div class='ocr_carea' id='block_1_3' title="bbox 160 439 1375 3197">
    <p class='ocr_par' dir='ltr' id='par_1_3' title="bbox 160 439 1375 3197">
     <span class='ocr_line' id='line_1_3' title="bbox 202 439 1343 528; baseline 0.002 -22"><span class='ocrx_word' id='word_1_3' title='bbox 202 443 338 508; x_wconf 90' lang='lat' dir='ltr'><strong>tentiam</strong></span> <span class='ocrx_word' id='word_1_4' title='bbox 354 464 418 508; x_wconf 89' lang='lat' dir='ltr'><strong>nou</strong></span> <span class='ocrx_word' id='word_1_5' title='bbox 433 442 589 525; x_wconf 88' lang='lat' dir='ltr'><strong>probans,</strong></span> <span class='ocrx_word' id='word_1_6' title='bbox 614 463 704 505; x_wconf 90' lang='lat' dir='ltr'><strong>suam</strong></span> <span class='ocrx_word' id='word_1_7' title='bbox 719 442 753 505; x_wconf 90' lang='lat' dir='ltr'><strong>iu</strong></span> <span class='ocrx_word' id='word_1_8' title='bbox 769 441 853 504; x_wconf 89' lang='lat' dir='ltr'><strong>hunc</strong></span> <span class='ocrx_word' id='word_1_9' title='bbox 869 439 1000 506; x_wconf 89' lang='lat' dir='ltr'><strong>modum</strong></span> <span class='ocrx_word' id='word_1_10' title='bbox 1017 443 1180 524; x_wconf 84' lang='lat' dir='ltr'><strong>exposuit:</strong></span> <span class='ocrx_word' id='word_1_11' title='bbox 1193 443 1219 528; x_wconf 88' lang='lat'><strong>1)</strong></span> <span class='ocrx_word' id='word_1_12' title='bbox 1244 444 1343 522; x_wconf 86' lang='lat' dir='ltr'><strong>„Alc-</strong></span> 
     </span>
     <span class='ocr_line' id='line_1_4' title="bbox 202 550 1341 634; baseline 0.002 -17"><span class='ocrx_word' id='word_1_13' title='bbox 202 555 307 617; x_wconf 89' lang='lat' dir='ltr'><strong>manis</strong></span> <span class='ocrx_word' id='word_1_14' title='bbox 329 558 438 618; x_wconf 90' lang='lat' dir='ltr'><strong>autem</strong></span> <span class='ocrx_word' id='word_1_15' title='bbox 463 554 607 616; x_wconf 85' lang='lat' dir='ltr'><strong>carmina</strong></span> <span class='ocrx_word' id='word_1_16' title='bbox 630 552 720 616; x_wconf 88' lang='lat' dir='ltr'><strong>fuere</strong></span> <span class='ocrx_word' id='word_1_17' title='bbox 744 573 808 615; x_wconf 86' lang='lat' dir='ltr'><strong>sex.</strong></span> <span class='ocrx_word' id='word_1_18' title='bbox 832 550 948 632; x_wconf 86' lang='lat' dir='ltr'><strong>Itaque</strong></span> <span class='ocrx_word' id='word_1_19' title='bbox 968 573 1008 616; x_wconf 91' lang='lat' dir='ltr'><strong>ne</strong></span> <span class='ocrx_word' id='word_1_20' title='bbox 1028 559 1192 634; x_wconf 77' lang='lat' dir='ltr'><strong>putemne,</strong></span> <span class='ocrx_word' id='word_1_21' title='bbox 1210 575 1341 619; x_wconf 90' lang='lat' dir='ltr'><strong>omnem</strong></span> 
     </span>
     <span class='ocr_line' id='line_1_5' title="bbox 203 662 1339 748; baseline 0.001 -18"><span class='ocrx_word' id='word_1_22' title='bbox 203 665 294 730; x_wconf 89' lang='lat' dir='ltr'><strong>nobis</strong></span> <span class='ocrx_word' id='word_1_23' title='bbox 317 666 460 748; x_wconf 85' lang='lat' dir='ltr'><strong>syllogen</strong></span> <span class='ocrx_word' id='word_1_24' title='bbox 484 684 670 746; x_wconf 84' lang='lat' dir='ltr'><strong>superesse:</strong></span> <span class='ocrx_word' id='word_1_25' title='bbox 692 670 755 742; x_wconf 88' lang='lat' dir='ltr'><strong>est,</strong></span> <span class='ocrx_word' id='word_1_26' title='bbox 772 668 808 727; x_wconf 90' lang='lat' dir='ltr'><strong>ut</strong></span> <span class='ocrx_word' id='word_1_27' title='bbox 824 663 905 742; x_wconf 89' lang='lat' dir='ltr'><strong>dixi,</strong></span> <span class='ocrx_word' id='word_1_28' title='bbox 922 662 1139 745; x_wconf 76' lang='lat' dir='ltr'><strong>fragmentum</strong></span> <span class='ocrx_word' id='word_1_29' title='bbox 1155 667 1339 731; x_wconf 85' lang='lat' dir='ltr'><strong>voluminis.</strong></span> 
     </span>
     <span class='ocr_line' id='line_1_6' title="bbox 203 776 1341 859; baseline 0.002 -18"><span class='ocrx_word' id='word_1_30' title='bbox 203 778 241 841; x_wconf 90' lang='lat' dir='ltr'><strong>In</strong></span> <span class='ocrx_word' id='word_1_31' title='bbox 269 798 305 842; x_wconf 93' lang='lat' dir='ltr'><strong>eo</strong></span> <span class='ocrx_word' id='word_1_32' title='bbox 328 777 480 859; x_wconf 88' lang='lat' dir='ltr'><strong>leguntur</strong></span> <span class='ocrx_word' id='word_1_33' title='bbox 503 797 614 839; x_wconf 87' lang='lat' dir='ltr'><strong>versus</strong></span> <span class='ocrx_word' id='word_1_34' title='bbox 642 782 674 840; x_wconf 91' lang='lat' dir='ltr'><strong>et</strong></span> <span class='ocrx_word' id='word_1_35' title='bbox 697 797 846 840; x_wconf 86' lang='lat' dir='ltr'><strong>versuum</strong></span> <span class='ocrx_word' id='word_1_36' title='bbox 873 780 983 858; x_wconf 85' lang='lat' dir='ltr'><strong>partes</strong></span> <span class='ocrx_word' id='word_1_37' title='bbox 1010 776 1182 859; x_wconf 81' lang='lat' dir='ltr'><strong>decerptae</strong></span> <span class='ocrx_word' id='word_1_38' title='bbox 1206 801 1245 842; x_wconf 87' lang='lat' dir='ltr'><strong>ex</strong></span> <span class='ocrx_word' id='word_1_39' title='bbox 1269 800 1341 842; x_wconf 90' lang='lat' dir='ltr'><strong>car-</strong></span> 
     </span>
     <span class='ocr_line' id='line_1_7' title="bbox 202 887 1341 971; baseline 0.003 -19"><span class='ocrx_word' id='word_1_40' title='bbox 202 888 342 953; x_wconf 85' lang='lat' dir='ltr'><strong>minibus</strong></span> <span class='ocrx_word' id='word_1_41' title='bbox 364 889 544 965; x_wconf 79' lang='lat' dir='ltr'><strong>Alcmanis,</strong></span> <span class='ocrx_word' id='word_1_42' title='bbox 571 887 790 971; x_wconf 87' lang='lat' dir='ltr'><strong>paedagogico</strong></span> <span class='ocrx_word' id='word_1_43' title='bbox 813 887 922 970; x_wconf 91' lang='lat' dir='ltr'><strong>aliquo</strong></span> <span class='ocrx_word' id='word_1_44' title='bbox 946 889 1080 952; x_wconf 88' lang='lat' dir='ltr'><strong>consilio</strong></span> <span class='ocrx_word' id='word_1_45' title='bbox 1103 888 1195 953; x_wconf 90' lang='lat' dir='ltr'><strong>nobis</strong></span> <span class='ocrx_word' id='word_1_46' title='bbox 1216 891 1341 955; x_wconf 91' lang='lat' dir='ltr'><strong>incom-</strong></span> 
     </span>
     <span class='ocr_line' id='line_1_8' title="bbox 202 1000 1340 1084; baseline 0.001 -19"><span class='ocrx_word' id='word_1_47' title='bbox 202 1007 294 1084; x_wconf 89' lang='lat' dir='ltr'><strong>perto</strong></span> <span class='ocrx_word' id='word_1_48' title='bbox 318 1000 519 1064; x_wconf 78' lang='lat' dir='ltr'><strong>collectae...</strong></span> <span class='ocrx_word' id='word_1_49' title='bbox 544 1000 703 1065; x_wconf 87' lang='lat' dir='ltr'><strong>Versiculi</strong></span> <span class='ocrx_word' id='word_1_50' title='bbox 725 1000 916 1083; x_wconf 89' lang='lat' dir='ltr'><strong>plerumque</strong></span> <span class='ocrx_word' id='word_1_51' title='bbox 943 1020 1009 1063; x_wconf 91' lang='lat' dir='ltr'><strong>nou</strong></span> <span class='ocrx_word' id='word_1_52' title='bbox 1037 1001 1224 1080; x_wconf 82' lang='lat' dir='ltr'><strong>cohaerent,</strong></span> <span class='ocrx_word' id='word_1_53' title='bbox 1253 1004 1340 1084; x_wconf 90' lang='lat' dir='ltr'><strong>peri·</strong></span> 
     </span>
     <span class='ocr_line' id='line_1_9' title="bbox 203 1111 1339 1194; baseline 0.002 -18"><span class='ocrx_word' id='word_1_54' title='bbox 203 1114 348 1177; x_wconf 84' lang='lat' dir='ltr'><strong>culusum</strong></span> <span class='ocrx_word' id='word_1_55' title='bbox 364 1111 459 1190; x_wconf 88' lang='lat' dir='ltr'><strong>adeo,</strong></span> <span class='ocrx_word' id='word_1_56' title='bbox 474 1118 660 1176; x_wconf 86' lang='lat' dir='ltr'><strong>contextum</strong></span> <span class='ocrx_word' id='word_1_57' title='bbox 677 1111 836 1194; x_wconf 85' lang='lat' dir='ltr'><strong>quendam</strong></span> <span class='ocrx_word' id='word_1_58' title='bbox 852 1113 968 1178; x_wconf 91' lang='lat' dir='ltr'><strong>horum</strong></span> <span class='ocrx_word' id='word_1_59' title='bbox 984 1111 1238 1194; x_wconf 84' lang='lat' dir='ltr'><strong>fragmentorum</strong></span> <span class='ocrx_word' id='word_1_60' title='bbox 1255 1114 1339 1179; x_wconf 85' lang='lat' dir='ltr'><strong>velle</strong></span> 
     </span>
     <span class='ocr_line' id='line_1_10' title="bbox 204 1224 1339 1308; baseline 0.001 -19"><span class='ocrx_word' id='word_1_61' title='bbox 204 1224 359 1290; x_wconf 83' lang='lat' dir='ltr'><strong>efficere.“</strong></span> <span class='ocrx_word' id='word_1_62' title='bbox 386 1224 448 1288; x_wconf 86' lang='lat' dir='ltr'><strong>Sed</strong></span> <span class='ocrx_word' id='word_1_63' title='bbox 464 1225 585 1307; x_wconf 90' lang='lat' dir='ltr'><strong>optimo</strong></span> <span class='ocrx_word' id='word_1_64' title='bbox 605 1225 675 1290; x_wconf 88' lang='lat' dir='ltr'><strong>iure</strong></span> <span class='ocrx_word' id='word_1_65' title='bbox 698 1225 856 1308; x_wconf 90' lang='lat' dir='ltr'><strong>Bergkius</strong></span> <span class='ocrx_word' id='word_1_66' title='bbox 879 1224 962 1288; x_wconf 88' lang='lat' dir='ltr'><strong>hanc</strong></span> <span class='ocrx_word' id='word_1_67' title='bbox 985 1227 1180 1289; x_wconf 84' lang='lat' dir='ltr'><strong>sententiam</strong></span> <span class='ocrx_word' id='word_1_68' title='bbox 1202 1246 1339 1307; x_wconf 85' lang='lat' dir='ltr'><strong>prorsus</strong></span> 
     </span>
     <span class='ocr_line' id='line_1_11' title="bbox 202 1335 1338 1422; baseline 0 -21"><span class='ocrx_word' id='word_1_69' title='bbox 202 1356 387 1421; x_wconf 86' lang='lat' dir='ltr'><strong>perversam</strong></span> <span class='ocrx_word' id='word_1_70' title='bbox 418 1335 622 1422; x_wconf 75' lang='lat' dir='ltr'><strong>refutavit,²)</strong></span> <span class='ocrx_word' id='word_1_71' title='bbox 653 1358 750 1420; x_wconf 91' lang='lat' dir='ltr'><strong>quum</strong></span> <span class='ocrx_word' id='word_1_72' title='bbox 783 1343 816 1401; x_wconf 83' lang='lat' dir='ltr'><strong>et</strong></span> <span class='ocrx_word' id='word_1_73' title='bbox 845 1342 1001 1400; x_wconf 84' lang='lat' dir='ltr'><strong>contextu</strong></span> <span class='ocrx_word' id='word_1_74' title='bbox 1028 1357 1177 1400; x_wconf 86' lang='lat' dir='ltr'><strong>versuum</strong></span> <span class='ocrx_word' id='word_1_75' title='bbox 1206 1358 1245 1401; x_wconf 86' lang='lat' dir='ltr'><strong>ex</strong></span> <span class='ocrx_word' id='word_1_76' title='bbox 1274 1359 1338 1401; x_wconf 89' lang='lat' dir='ltr'><strong>uno</strong></span> 
     </span>
     <span class='ocr_line' id='line_1_12' title="bbox 203 1447 1338 1531; baseline 0.001 -20"><span class='ocrx_word' id='word_1_77' title='bbox 203 1449 345 1512; x_wconf 85' lang='lat' dir='ltr'><strong>carmine</strong></span> <span class='ocrx_word' id='word_1_78' title='bbox 369 1449 557 1512; x_wconf 90' lang='lat' dir='ltr'><strong>continuum</strong></span> <span class='ocrx_word' id='word_1_79' title='bbox 578 1448 795 1531; x_wconf 82' lang='lat' dir='ltr'><strong>fragmentum</strong></span> <span class='ocrx_word' id='word_1_80' title='bbox 824 1447 915 1515; x_wconf 91' lang='lat' dir='ltr'><strong>nobis</strong></span> <span class='ocrx_word' id='word_1_81' title='bbox 945 1455 1074 1512; x_wconf 87' lang='lat' dir='ltr'><strong>exstare</strong></span> <span class='ocrx_word' id='word_1_82' title='bbox 1102 1449 1181 1512; x_wconf 89' lang='lat' dir='ltr'><strong>satis</strong></span> <span class='ocrx_word' id='word_1_83' title='bbox 1208 1455 1338 1531; x_wconf 87' lang='lat' dir='ltr'><strong>pateat,</strong></span> 
     </span>
     <span class='ocr_line' id='line_1_13' title="bbox 203 1560 1338 1644; baseline -0.001 -19"><span class='ocrx_word' id='word_1_84' title='bbox 203 1567 236 1625; x_wconf 88' lang='lat' dir='ltr'><strong>et</strong></span> <span class='ocrx_word' id='word_1_85' title='bbox 263 1560 374 1624; x_wconf 89' lang='lat' dir='ltr'><strong>multis</strong></span> <span class='ocrx_word' id='word_1_86' title='bbox 402 1560 529 1625; x_wconf 87' lang='lat' dir='ltr'><strong>indiciis</strong></span> <span class='ocrx_word' id='word_1_87' title='bbox 559 1582 627 1624; x_wconf 90' lang='lat' dir='ltr'><strong>esse</strong></span> <span class='ocrx_word' id='word_1_88' title='bbox 654 1561 688 1624; x_wconf 90' lang='lat' dir='ltr'><strong>id</strong></span> <span class='ocrx_word' id='word_1_89' title='bbox 717 1583 756 1625; x_wconf 89' lang='lat' dir='ltr'><strong>ex</strong></span> <span class='ocrx_word' id='word_1_90' title='bbox 785 1562 902 1644; x_wconf 86' lang='lat' dir='ltr'><strong>hymno</strong></span> <span class='ocrx_word' id='word_1_91' title='bbox 932 1563 966 1625; x_wconf 93' lang='lat' dir='ltr'><strong>in</strong></span> <span class='ocrx_word' id='word_1_92' title='bbox 992 1562 1169 1624; x_wconf 89' lang='lat' dir='ltr'><strong>Dioscuros</strong></span> <span class='ocrx_word' id='word_1_93' title='bbox 1197 1563 1338 1643; x_wconf 90' lang='lat' dir='ltr'><strong>petitum</strong></span> 
     </span>
     <span class='ocr_line' id='line_1_14' title="bbox 203 1671 1339 1756; baseline 0.001 -20"><span class='ocrx_word' id='word_1_94' title='bbox 203 1675 283 1737; x_wconf 89' lang='lat' dir='ltr'><strong>satis</strong></span> <span class='ocrx_word' id='word_1_95' title='bbox 299 1671 464 1754; x_wconf 89' lang='lat' dir='ltr'><strong>probetur.</strong></span> <span class='ocrx_word' id='word_1_96' title='bbox 475 1674 501 1750; x_wconf 80' lang='lat'><strong>³)</strong></span> <span class='ocrx_word' id='word_1_97' title='bbox 526 1673 697 1736; x_wconf 77' lang='lat' dir='ltr'><strong>Matricem</strong></span> <span class='ocrx_word' id='word_1_98' title='bbox 719 1679 828 1756; x_wconf 88' lang='lat' dir='ltr'><strong>autem</strong></span> <span class='ocrx_word' id='word_1_99' title='bbox 849 1673 1016 1738; x_wconf 86' lang='lat' dir='ltr'><strong>rationem</strong></span> <span class='ocrx_word' id='word_1_100' title='bbox 1030 1693 1135 1754; x_wconf 88' lang='lat' dir='ltr'><strong>neque</strong></span> <span class='ocrx_word' id='word_1_101' title='bbox 1157 1673 1226 1755; x_wconf 89' lang='lat' dir='ltr'><strong>ipse</strong></span> <span class='ocrx_word' id='word_1_102' title='bbox 1250 1678 1339 1737; x_wconf 88' lang='lat' dir='ltr'><strong>recte</strong></span> 
     </span>
     <span class='ocr_line' id='line_1_15' title="bbox 202 1784 1340 1870; baseline -0.002 -20"><span class='ocrx_word' id='word_1_103' title='bbox 202 1785 382 1870; x_wconf 81' lang='lat' dir='ltr'><strong>perspexit3</strong></span> <span class='ocrx_word' id='word_1_104' title='bbox 399 1808 474 1850; x_wconf 88' lang='lat' dir='ltr'><strong>nam</strong></span> <span class='ocrx_word' id='word_1_105' title='bbox 496 1784 583 1866; x_wconf 91' lang='lat' dir='ltr'><strong>quod</strong></span> <span class='ocrx_word' id='word_1_106' title='bbox 605 1793 711 1849; x_wconf 85' lang='lat' dir='ltr'><strong>metra</strong></span> <span class='ocrx_word' id='word_1_107' title='bbox 733 1805 803 1849; x_wconf 92' lang='lat' dir='ltr'><strong>esse</strong></span> <span class='ocrx_word' id='word_1_108' title='bbox 825 1787 894 1868; x_wconf 91' lang='lat' dir='ltr'><strong>lege</strong></span> <span class='ocrx_word' id='word_1_109' title='bbox 917 1786 1024 1849; x_wconf 88' lang='lat' dir='ltr'><strong>soluta</strong></span> <span class='ocrx_word' id='word_1_110' title='bbox 1047 1791 1079 1848; x_wconf 91' lang='lat' dir='ltr'><strong>et</strong></span> <span class='ocrx_word' id='word_1_111' title='bbox 1102 1784 1268 1867; x_wconf 86' lang='lat' dir='ltr'><strong>strophica</strong></span> <span class='ocrx_word' id='word_1_112' title='bbox 1291 1784 1340 1848; x_wconf 92' lang='lat' dir='ltr'><strong>di-</strong></span> 
     </span>
     <span class='ocr_line' id='line_1_16' title="bbox 203 1896 1339 1980; baseline -0.002 -19"><span class='ocrx_word' id='word_1_113' title='bbox 203 1899 339 1976; x_wconf 80' lang='lat' dir='ltr'><strong>visione,</strong></span> <span class='ocrx_word' id='word_1_114' title='bbox 363 1917 557 1979; x_wconf 90' lang='lat' dir='ltr'><strong>quamquam</strong></span> <span class='ocrx_word' id='word_1_115' title='bbox 581 1897 750 1980; x_wconf 91' lang='lat' dir='ltr'><strong>pericopas</strong></span> <span class='ocrx_word' id='word_1_116' title='bbox 773 1897 830 1961; x_wconf 91' lang='lat' dir='ltr'><strong>sed</strong></span> <span class='ocrx_word' id='word_1_117' title='bbox 852 1897 999 1979; x_wconf 87' lang='lat' dir='ltr'><strong>dispares</strong></span> <span class='ocrx_word' id='word_1_118' title='bbox 1023 1896 1196 1977; x_wconf 77' lang='lat' dir='ltr'><strong>dignoscit,</strong></span> <span class='ocrx_word' id='word_1_119' title='bbox 1226 1916 1339 1959; x_wconf 89' lang='lat' dir='ltr'><strong>carere</strong></span> 
     </span>
     <span class='ocr_line' id='line_1_17' title="bbox 204 2008 1340 2093; baseline -0.002 -19"><span class='ocrx_word' id='word_1_120' title='bbox 204 2009 398 2093; x_wconf 76' lang='lat' dir='ltr'><strong>affirmat,4)</strong></span> <span class='ocrx_word' id='word_1_121' title='bbox 426 2015 598 2092; x_wconf 89' lang='lat' dir='ltr'><strong>utrumque</strong></span> <span class='ocrx_word' id='word_1_122' title='bbox 626 2009 743 2074; x_wconf 86' lang='lat' dir='ltr'><strong>falsum</strong></span> <span class='ocrx_word' id='word_1_123' title='bbox 772 2031 840 2074; x_wconf 89' lang='lat' dir='ltr'><strong>esse</strong></span> <span class='ocrx_word' id='word_1_124' title='bbox 867 2009 985 2075; x_wconf 77' lang='lat' dir='ltr'><strong>iudico,</strong></span> <span class='ocrx_word' id='word_1_125' title='bbox 1011 2008 1167 2090; x_wconf 90' lang='lat' dir='ltr'><strong>Strophas</strong></span> <span class='ocrx_word' id='word_1_126' title='bbox 1190 2009 1276 2072; x_wconf 91' lang='lat' dir='ltr'><strong>enim</strong></span> <span class='ocrx_word' id='word_1_127' title='bbox 1299 2030 1340 2072; x_wconf 88' lang='lat' dir='ltr'><strong>ex</strong></span> 
     </span>
     <span class='ocr_line' id='line_1_18' title="bbox 160 2119 1340 2205; baseline -0.002 -21"><span class='ocrx_word' id='word_1_128' title='bbox 160 2137 163 2143; x_wconf 83' lang='lat'>·</span> <span class='ocrx_word' id='word_1_129' title='bbox 203 2122 349 2187; x_wconf 90' lang='lat' dir='ltr'><strong>versibus</strong></span> <span class='ocrx_word' id='word_1_130' title='bbox 378 2122 507 2188; x_wconf 89' lang='lat' dir='ltr'><strong>omnino</strong></span> <span class='ocrx_word' id='word_1_131' title='bbox 537 2121 670 2204; x_wconf 90' lang='lat' dir='ltr'><strong>paribus</strong></span> <span class='ocrx_word' id='word_1_132' title='bbox 702 2122 896 2205; x_wconf 89' lang='lat' dir='ltr'><strong>compositas</strong></span> <span class='ocrx_word' id='word_1_133' title='bbox 927 2122 961 2185; x_wconf 92' lang='lat' dir='ltr'><strong>in</strong></span> <span class='ocrx_word' id='word_1_134' title='bbox 991 2122 1052 2185; x_wconf 94' lang='lat' dir='ltr'><strong>hoc</strong></span> <span class='ocrx_word' id='word_1_135' title='bbox 1081 2120 1262 2202; x_wconf 88' lang='lat' dir='ltr'><strong>fragmento</strong></span> <span class='ocrx_word' id='word_1_136' title='bbox 1292 2119 1340 2183; x_wconf 92' lang='lat' dir='ltr'><strong>di-</strong></span> 
     </span>
     <span class='ocr_line' id='line_1_19' title="bbox 205 2213 1375 2316; baseline -0.004 -18"><span class='ocrx_word' id='word_1_137' title='bbox 205 2213 369 2316; x_wconf 85' lang='lat' dir='ltr'><strong>stinguere</strong></span> <span class='ocrx_word' id='word_1_138' title='bbox 392 2233 470 2298; x_wconf 90' lang='lat' dir='ltr'><strong>mihi</strong></span> <span class='ocrx_word' id='word_1_139' title='bbox 494 2235 612 2298; x_wconf 91' lang='lat' dir='ltr'><strong>videor.</strong></span> <span class='ocrx_word' id='word_1_140' title='bbox 637 2233 730 2312; x_wconf 85' lang='lat' dir='ltr'><strong>Quod</strong></span> <span class='ocrx_word' id='word_1_141' title='bbox 745 2239 782 2297; x_wconf 94' lang='lat' dir='ltr'><strong>ut</strong></span> <span class='ocrx_word' id='word_1_142' title='bbox 797 2233 1026 2312; x_wconf 80' lang='lat' dir='ltr'><strong>demonstrem,</strong></span> <span class='ocrx_word' id='word_1_143' title='bbox 1049 2233 1182 2296; x_wconf 80' lang='lat' dir='ltr'><strong>atterius</strong></span> <span class='ocrx_word' id='word_1_144' title='bbox 1199 2234 1340 2315; x_wconf 86' lang='lat' dir='ltr'><strong>paginae</strong></span> <span class='ocrx_word' id='word_1_145' title='bbox 1371 2287 1375 2294; x_wconf 90' lang='lat'><strong>.</strong></span> 
     </span>
     <span class='ocr_line' id='line_1_20' title="bbox 205 2345 1341 2430; baseline -0.003 -21"><span class='ocrx_word' id='word_1_146' title='bbox 205 2367 316 2410; x_wconf 87' lang='lat' dir='ltr'><strong>versus</strong></span> <span class='ocrx_word' id='word_1_147' title='bbox 340 2345 443 2430; x_wconf 89' lang='lat' dir='ltr'><strong>(nam,</strong></span> <span class='ocrx_word' id='word_1_148' title='bbox 464 2351 501 2408; x_wconf 92' lang='lat' dir='ltr'><strong>ut</strong></span> <span class='ocrx_word' id='word_1_149' title='bbox 524 2346 603 2426; x_wconf 88' lang='lat' dir='ltr'><strong>dixi,</strong></span> <span class='ocrx_word' id='word_1_150' title='bbox 620 2348 743 2430; x_wconf 89' lang='lat' dir='ltr'><strong>primae</strong></span> <span class='ocrx_word' id='word_1_151' title='bbox 760 2352 792 2410; x_wconf 93' lang='lat' dir='ltr'><strong>et</strong></span> <span class='ocrx_word' id='word_1_152' title='bbox 807 2347 924 2410; x_wconf 86' lang='lat' dir='ltr'><strong>tertiae</strong></span> <span class='ocrx_word' id='word_1_153' title='bbox 941 2345 1108 2409; x_wconf 88' lang='lat' dir='ltr'><strong>columnae</strong></span> <span class='ocrx_word' id='word_1_154' title='bbox 1124 2349 1227 2407; x_wconf 89' lang='lat' dir='ltr'><strong>metra</strong></span> <span class='ocrx_word' id='word_1_155' title='bbox 1242 2365 1341 2426; x_wconf 92' lang='lat' dir='ltr'><strong>prop-</strong></span> 
     </span>
     <span class='ocr_line' id='line_1_21' title="bbox 205 2456 1341 2540; baseline -0.002 -20"><span class='ocrx_word' id='word_1_156' title='bbox 205 2462 256 2521; x_wconf 92' lang='lat' dir='ltr'><strong>ter</strong></span> <span class='ocrx_word' id='word_1_157' title='bbox 279 2459 429 2522; x_wconf 87' lang='lat' dir='ltr'><strong>miseram</strong></span> <span class='ocrx_word' id='word_1_158' title='bbox 451 2478 555 2540; x_wconf 92' lang='lat' dir='ltr'><strong>neque</strong></span> <span class='ocrx_word' id='word_1_159' title='bbox 578 2458 737 2540; x_wconf 87' lang='lat' dir='ltr'><strong>integram</strong></span> <span class='ocrx_word' id='word_1_160' title='bbox 754 2456 924 2522; x_wconf 88' lang='lat' dir='ltr'><strong>verborum</strong></span> <span class='ocrx_word' id='word_1_161' title='bbox 945 2457 1161 2521; x_wconf 89' lang='lat' dir='ltr'><strong>conditionem</strong></span> <span class='ocrx_word' id='word_1_162' title='bbox 1184 2457 1341 2520; x_wconf 88' lang='lat' dir='ltr'><strong>constitui</strong></span> 
     </span>
     <span class='ocr_line' id='line_1_22' title="bbox 205 2567 1339 2666; baseline -0.002 -33"><span class='ocrx_word' id='word_1_163' title='bbox 205 2572 382 2654; x_wconf 87' lang='lat' dir='ltr'><strong>nequeunt)</strong></span> <span class='ocrx_word' id='word_1_164' title='bbox 406 2570 466 2635; x_wconf 93' lang='lat' dir='ltr'><strong>hoc</strong></span> <span class='ocrx_word' id='word_1_165' title='bbox 489 2571 560 2635; x_wconf 91' lang='lat' dir='ltr'><strong>loco</strong></span> <span class='ocrx_word' id='word_1_166' title='bbox 583 2576 730 2653; x_wconf 88' lang='lat' dir='ltr'><strong>repetere</strong></span> <span class='ocrx_word' id='word_1_167' title='bbox 753 2572 871 2654; x_wconf 85' lang='lat' dir='ltr'><strong>placet.</strong></span> <span class='ocrx_word' id='word_1_168' title='bbox 896 2569 1005 2633; x_wconf 90' lang='lat' dir='ltr'><strong>Verba</strong></span> <span class='ocrx_word' id='word_1_169' title='bbox 1028 2591 1067 2632; x_wconf 88' lang='lat' dir='ltr'><strong>ex</strong></span> <span class='ocrx_word' id='word_1_170' title='bbox 1090 2567 1216 2646; x_wconf 88' lang='lat' dir='ltr'><strong>tabula,</strong></span> <span class='ocrx_word' id='word_1_171' title='bbox 1241 2588 1339 2666; x_wconf 83' lang='lat' dir='ltr'><strong>quam</strong></span> 
     </span>
     <span class='ocr_line' id='line_1_23' title="bbox 206 2670 1339 2766; baseline -0.004 -20"><span class='ocrx_word' id='word_1_172' title='bbox 206 2681 364 2766; x_wconf 84' lang='lat' dir='ltr'><strong>Bergkius</strong></span> <span class='ocrx_word' id='word_1_173' title='bbox 387 2685 420 2746; x_wconf 93' lang='lat' dir='ltr'><strong>in</strong></span> <span class='ocrx_word' id='word_1_174' title='bbox 438 2683 623 2766; x_wconf 87' lang='lat' dir='ltr'><strong>Appendice</strong></span> <span class='ocrx_word' id='word_1_175' title='bbox 646 2683 796 2748; x_wconf 88' lang='lat' dir='ltr'><strong>editionis</strong></span> <span class='ocrx_word' id='word_1_176' title='bbox 819 2682 935 2746; x_wconf 89' lang='lat' dir='ltr'><strong>tertiae</strong></span> <span class='ocrx_word' id='word_1_177' title='bbox 958 2683 1085 2745; x_wconf 91' lang='lat' dir='ltr'><strong>Poetar.</strong></span> <span class='ocrx_word' id='word_1_178' title='bbox 1109 2678 1199 2761; x_wconf 88' lang='lat' dir='ltr'><strong>lyric.</strong></span> <span class='ocrx_word' id='word_1_179' title='bbox 1224 2670 1339 2742; x_wconf 83' lang='lat' dir='ltr'><strong>Graec.</strong></span> 
     </span>
     <span class='ocr_line' id='line_1_24' title="bbox 206 2792 1341 2878; baseline -0.003 -21"><span class='ocrx_word' id='word_1_180' title='bbox 206 2815 237 2876; x_wconf 92' lang='lat' dir='ltr'><strong>p.</strong></span> <span class='ocrx_word' id='word_1_181' title='bbox 270 2799 352 2857; x_wconf 82' lang='lat'>1380</span> <span class='ocrx_word' id='word_1_182' title='bbox 384 2795 499 2874; x_wconf 89' lang='lat' dir='ltr'><strong>edidit,</strong></span> <span class='ocrx_word' id='word_1_183' title='bbox 531 2795 711 2878; x_wconf 87' lang='lat' dir='ltr'><strong>descripta;</strong></span> <span class='ocrx_word' id='word_1_184' title='bbox 743 2816 825 2877; x_wconf 87' lang='lat' dir='ltr'><strong>quae</strong></span> <span class='ocrx_word' id='word_1_185' title='bbox 857 2793 899 2857; x_wconf 88' lang='lat' dir='ltr'><strong>ad</strong></span> <span class='ocrx_word' id='word_1_186' title='bbox 930 2792 1123 2875; x_wconf 87' lang='lat' dir='ltr'><strong>explendum</strong></span> <span class='ocrx_word' id='word_1_187' title='bbox 1154 2796 1341 2855; x_wconf 86' lang='lat' dir='ltr'><strong>contextum</strong></span> 
     </span>
     <span class='ocr_line' id='line_1_25' title="bbox 206 2902 1342 2990; baseline -0.002 -22"><span class='ocrx_word' id='word_1_188' title='bbox 206 2905 358 2970; x_wconf 85' lang='lat' dir='ltr'><strong>Brinkius</strong></span> <span class='ocrx_word' id='word_1_189' title='bbox 382 2913 439 2971; x_wconf 84' lang='lat' dir='ltr'><strong>aut</strong></span> <span class='ocrx_word' id='word_1_190' title='bbox 463 2907 621 2990; x_wconf 91' lang='lat' dir='ltr'><strong>Bergkius</strong></span> <span class='ocrx_word' id='word_1_191' title='bbox 644 2913 731 2970; x_wconf 89' lang='lat' dir='ltr'><strong>recte</strong></span> <span class='ocrx_word' id='word_1_192' title='bbox 761 2908 983 2984; x_wconf 88' lang='lat' dir='ltr'><strong>coniecerunt,</strong></span> <span class='ocrx_word' id='word_1_193' title='bbox 1012 2904 1102 2967; x_wconf 88' lang='lat' dir='ltr'><strong>uncis</strong></span> <span class='ocrx_word' id='word_1_194' title='bbox 1131 2904 1256 2967; x_wconf 90' lang='lat' dir='ltr'><strong>inclusa</strong></span> <span class='ocrx_word' id='word_1_195' title='bbox 1284 2902 1342 2966; x_wconf 91' lang='lat' dir='ltr'><strong>ad-</strong></span> 
     </span>
     <span class='ocr_line' id='line_1_26' title="bbox 206 3016 1341 3102; baseline -0.001 -21"><span class='ocrx_word' id='word_1_196' title='bbox 206 3016 290 3096; x_wconf 89' lang='lat' dir='ltr'><strong>didi;</strong></span> <span class='ocrx_word' id='word_1_197' title='bbox 315 3024 424 3083; x_wconf 88' lang='lat' dir='ltr'><strong>cetera</strong></span> <span class='ocrx_word' id='word_1_198' title='bbox 447 3040 594 3102; x_wconf 87' lang='lat' dir='ltr'><strong>quaeque</strong></span> <span class='ocrx_word' id='word_1_199' title='bbox 617 3020 686 3101; x_wconf 89' lang='lat' dir='ltr'><strong>ipse</strong></span> <span class='ocrx_word' id='word_1_200' title='bbox 710 3018 911 3084; x_wconf 86' lang='lat' dir='ltr'><strong>emendanda</strong></span> <span class='ocrx_word' id='word_1_201' title='bbox 932 3024 1026 3101; x_wconf 93' lang='lat' dir='ltr'><strong>puto,</strong></span> <span class='ocrx_word' id='word_1_202' title='bbox 1057 3017 1216 3080; x_wconf 86' lang='lat' dir='ltr'><strong>continuis</strong></span> <span class='ocrx_word' id='word_1_203' title='bbox 1240 3037 1341 3080; x_wconf 89' lang='lat' dir='ltr'><strong>anuo·</strong></span> 
     </span>
     <span class='ocr_line' id='line_1_27' title="bbox 205 3129 558 3197; baseline 0.003 -3"><span class='ocrx_word' id='word_1_204' title='bbox 205 3129 386 3196; x_wconf 89' lang='lat' dir='ltr'><strong>tationibus</strong></span> <span class='ocrx_word' id='word_1_205' title='bbox 409 3131 558 3197; x_wconf 88' lang='lat' dir='ltr'><strong>indicavi.</strong></span> 
     </span>
    </p>
   </div>
   <div class='ocr_carea' id='block_1_4' title="bbox 295 3364 1335 3638">
    <p class='ocr_par' dir='ltr' id='par_1_4' title="bbox 295 3364 1335 3638">
     <span class='ocr_line' id='line_1_28' title="bbox 299 3364 643 3433; baseline 0.006 -17"><span class='ocrx_word' id='word_1_206' title='bbox 299 3367 314 3428; x_wconf 83' lang='lat'><strong>¹)</strong></span> <span class='ocrx_word' id='word_1_207' title='bbox 333 3365 429 3418; x_wconf 91' lang='lat' dir='ltr'><strong>Philol.</strong></span> <span class='ocrx_word' id='word_1_208' title='bbox 448 3364 520 3420; x_wconf 88' lang='lat' dir='ltr'><strong>XXI.</strong></span> <span class='ocrx_word' id='word_1_209' title='bbox 539 3383 565 3433; x_wconf 93' lang='lat' dir='ltr'><strong>p.</strong></span> <span class='ocrx_word' id='word_1_210' title='bbox 587 3367 643 3418; x_wconf 71' lang='lat'><strong>127.</strong></span> 
     </span>
     <span class='ocr_line' id='line_1_29' title="bbox 296 3466 704 3534; baseline 0.005 -18"><span class='ocrx_word' id='word_1_211' title='bbox 296 3469 316 3530; x_wconf 81' lang='lat'><strong>²)</strong></span> <span class='ocrx_word' id='word_1_212' title='bbox 335 3466 433 3519; x_wconf 83' lang='lat' dir='ltr'><strong>Philol.</strong></span> <span class='ocrx_word' id='word_1_213' title='bbox 451 3467 529 3519; x_wconf 88' lang='lat' dir='ltr'>XXII</span> <span class='ocrx_word' id='word_1_214' title='bbox 556 3483 582 3534; x_wconf 88' lang='lat' dir='ltr'><strong>p.</strong></span> <span class='ocrx_word' id='word_1_215' title='bbox 603 3472 616 3520; x_wconf 92' lang='lat'>1</span> <span class='ocrx_word' id='word_1_216' title='bbox 637 3476 664 3520; x_wconf 87' lang='lat' dir='ltr'><strong>et</strong></span> <span class='ocrx_word' id='word_1_217' title='bbox 682 3468 704 3519; x_wconf 82' lang='lat'><strong>2.</strong></span> 
     </span>
     <span class='ocr_line' id='line_1_30' title="bbox 295 3567 1335 3638; baseline 0.003 -19"><span class='ocrx_word' id='word_1_218' title='bbox 295 3569 314 3635; x_wconf 78' lang='lat'><strong>³)</strong></span> <span class='ocrx_word' id='word_1_219' title='bbox 333 3567 379 3622; x_wconf 92' lang='lat' dir='ltr'><strong>cfr.</strong></span> <span class='ocrx_word' id='word_1_220' title='bbox 398 3583 466 3636; x_wconf 85' lang='lat' dir='ltr'><strong>quae</strong></span> <span class='ocrx_word' id='word_1_221' title='bbox 484 3569 547 3622; x_wconf 89' lang='lat' dir='ltr'><strong>Ber</strong></span> <span class='ocrx_word' id='word_1_222' title='bbox 553 3569 653 3637; x_wconf 88' lang='lat' dir='ltr'><strong>gkius</strong></span> <span class='ocrx_word' id='word_1_223' title='bbox 670 3570 760 3622; x_wconf 80' lang='lat' dir='ltr'><strong>attulit</strong></span> <span class='ocrx_word' id='word_1_224' title='bbox 778 3570 875 3624; x_wconf 90' lang='lat' dir='ltr'><strong>Philol.</strong></span> <span class='ocrx_word' id='word_1_225' title='bbox 888 3571 973 3623; x_wconf 81' lang='lat' dir='ltr'><strong>XXII.</strong></span> <span class='ocrx_word' id='word_1_226' title='bbox 988 3589 1011 3638; x_wconf 92' lang='lat' dir='ltr'><strong>p.</strong></span> <span class='ocrx_word' id='word_1_227' title='bbox 1026 3571 1041 3622; x_wconf 74' lang='lat'><strong>2</strong></span> <span class='ocrx_word' id='word_1_228' title='bbox 1056 3578 1083 3624; x_wconf 85' lang='lat' dir='ltr'><strong>ct</strong></span> <span class='ocrx_word' id='word_1_229' title='bbox 1096 3571 1168 3622; x_wconf 87' lang='lat' dir='ltr'><strong>Poet.</strong></span> <span class='ocrx_word' id='word_1_230' title='bbox 1183 3571 1223 3638; x_wconf 82' lang='lat' dir='ltr'><strong>lyr</strong></span> <span class='ocrx_word' id='word_1_231' title='bbox 1244 3588 1269 3638; x_wconf 86' lang='lat' dir='ltr'><strong>p.</strong></span> <span class='ocrx_word' id='word_1_232' title='bbox 1283 3571 1335 3622; x_wconf 73' lang='lat'><strong>825</strong></span> 
     </span>
    </p>
   </div>
   <div class='ocr_carea' id='block_1_5' title="bbox 205 3672 1344 4006">
    <p class='ocr_par' dir='ltr' id='par_1_5' title="bbox 205 3672 1344 4006">
     <span class='ocr_line' id='line_1_31' title="bbox 292 3672 1344 3740; baseline 0.002 -16"><span class='ocrx_word' id='word_1_233' title='bbox 292 3675 313 3740; x_wconf 79' lang='lat'><strong>⁴)</strong></span> <span class='ocrx_word' id='word_1_234' title='bbox 333 3672 380 3726; x_wconf 86' lang='lat' dir='ltr'><strong>cfr.</strong></span> <span class='ocrx_word' id='word_1_235' title='bbox 400 3673 488 3726; x_wconf 89' lang='lat' dir='ltr'><strong>Philol</strong></span> <span class='ocrx_word' id='word_1_236' title='bbox 515 3673 531 3724; x_wconf 90' lang='lat' dir='ltr'><strong>l.</strong></span> <span class='ocrx_word' id='word_1_237' title='bbox 551 3673 584 3725; x_wconf 92' lang='lat' dir='ltr'><strong>l.:</strong></span> <span class='ocrx_word' id='word_1_238' title='bbox 611 3673 667 3725; x_wconf 83' lang='lat' dir='ltr'><strong>Das</strong></span> <span class='ocrx_word' id='word_1_239' title='bbox 686 3673 801 3725; x_wconf 85' lang='lat' dir='ltr'><strong>Gedicht</strong></span> <span class='ocrx_word' id='word_1_240' title='bbox 820 3674 946 3726; x_wconf 86' lang='lat' dir='ltr'><strong>entbchrt</strong></span> <span class='ocrx_word' id='word_1_241' title='bbox 965 3673 1012 3724; x_wconf 91' lang='lat' dir='ltr'><strong>dcr</strong></span> <span class='ocrx_word' id='word_1_242' title='bbox 1029 3673 1217 3740; x_wconf 81' lang='lat' dir='ltr'><strong>strophischen</strong></span> <span class='ocrx_word' id='word_1_243' title='bbox 1236 3673 1344 3726; x_wconf 75' lang='lat' dir='ltr'><strong>(iliodo-</strong></span> 
     </span>
     <span class='ocr_line' id='line_1_32' title="bbox 206 3758 1343 3827; baseline 0.002 -17"><span class='ocrx_word' id='word_1_244' title='bbox 206 3775 283 3826; x_wconf 87' lang='lat' dir='ltr'><strong>rung.</strong></span> <span class='ocrx_word' id='word_1_245' title='bbox 303 3788 332 3797; x_wconf 83' lang='lat'>—</span> <span class='ocrx_word' id='word_1_246' title='bbox 357 3758 432 3810; x_wconf 83' lang='lat' dir='ltr'><strong>Post.</strong></span> <span class='ocrx_word' id='word_1_247' title='bbox 452 3758 500 3826; x_wconf 88' lang='lat' dir='ltr'><strong>iyr.</strong></span> <span class='ocrx_word' id='word_1_248' title='bbox 519 3758 564 3812; x_wconf 87' lang='lat' dir='ltr'><strong>Gr.</strong></span> <span class='ocrx_word' id='word_1_249' title='bbox 583 3776 608 3827; x_wconf 90' lang='lat' dir='ltr'><strong>p.</strong></span> <span class='ocrx_word' id='word_1_250' title='bbox 628 3759 694 3812; x_wconf 75' lang='lat'>825:</span> <span class='ocrx_word' id='word_1_251' title='bbox 718 3758 830 3812; x_wconf 84' lang='lat' dir='ltr'><strong>Carmen</strong></span> <span class='ocrx_word' id='word_1_252' title='bbox 853 3760 904 3812; x_wconf 90' lang='lat' dir='ltr'><strong>hoc</strong></span> <span class='ocrx_word' id='word_1_253' title='bbox 929 3776 982 3811; x_wconf 92' lang='lat' dir='ltr'><strong>non</strong></span> <span class='ocrx_word' id='word_1_254' title='bbox 1005 3759 1113 3811; x_wconf 87' lang='lat' dir='ltr'><strong>minutis</strong></span> <span class='ocrx_word' id='word_1_255' title='bbox 1139 3759 1257 3826; x_wconf 84' lang='lat' dir='ltr'><strong>strophis</strong></span> <span class='ocrx_word' id='word_1_256' title='bbox 1281 3775 1343 3812; x_wconf 90' lang='lat' dir='ltr'><strong>con-</strong></span> 
     </span>
     <span class='ocr_line' id='line_1_33' title="bbox 206 3843 1343 3915; baseline 0.002 -19"><span class='ocrx_word' id='word_1_257' title='bbox 206 3851 271 3910; x_wconf 81' lang='lat' dir='ltr'><strong>stat,</strong></span> <span class='ocrx_word' id='word_1_258' title='bbox 298 3843 519 3912; x_wconf 90' lang='lat' dir='ltr'><strong>quemadmodum</strong></span> <span class='ocrx_word' id='word_1_259' title='bbox 542 3846 655 3914; x_wconf 82' lang='lat' dir='ltr'><strong>hymnus</strong></span> <span class='ocrx_word' id='word_1_260' title='bbox 677 3847 706 3899; x_wconf 90' lang='lat' dir='ltr'><strong>in</strong></span> <span class='ocrx_word' id='word_1_261' title='bbox 728 3847 817 3898; x_wconf 90' lang='lat' dir='ltr'><strong>Iovem</strong></span> <span class='ocrx_word' id='word_1_262' title='bbox 836 3845 985 3915; x_wconf 84' lang='lat' dir='ltr'><strong>Lycaeum,</strong></span> <span class='ocrx_word' id='word_1_263' title='bbox 1008 3845 1054 3897; x_wconf 88' lang='lat' dir='ltr'><strong>sed</strong></span> <span class='ocrx_word' id='word_1_264' title='bbox 1073 3845 1133 3912; x_wconf 86' lang='lat' dir='ltr'><strong>lege</strong></span> <span class='ocrx_word' id='word_1_265' title='bbox 1152 3853 1193 3898; x_wconf 88' lang='lat' dir='ltr'><strong>est</strong></span> <span class='ocrx_word' id='word_1_266' title='bbox 1211 3845 1343 3913; x_wconf 78' lang='lat' dir='ltr'><strong>solutum,</strong></span> 
     </span>
     <span class='ocr_line' id='line_1_34' title="bbox 205 3929 1046 4006; baseline 0 -22"><span class='ocrx_word' id='word_1_267' title='bbox 205 3937 294 3984; x_wconf 84' lang='lat' dir='ltr'><strong>tamen</strong></span> <span class='ocrx_word' id='word_1_268' title='bbox 313 3929 357 3981; x_wconf 90' lang='lat' dir='ltr'><strong>hic</strong></span> <span class='ocrx_word' id='word_1_269' title='bbox 377 3945 481 4006; x_wconf 83' lang='lat' dir='ltr'><strong>quoque</strong></span> <span class='ocrx_word' id='word_1_270' title='bbox 500 3930 639 3997; x_wconf 90' lang='lat' dir='ltr'><strong>pericopas</strong></span> <span class='ocrx_word' id='word_1_271' title='bbox 659 3930 780 3999; x_wconf 81' lang='lat' dir='ltr'><strong>dispares</strong></span> <span class='ocrx_word' id='word_1_272' title='bbox 797 3932 876 3985; x_wconf 87' lang='lat' dir='ltr'><strong>facile</strong></span> <span class='ocrx_word' id='word_1_273' title='bbox 896 3931 1046 4000; x_wconf 81' lang='lat' dir='ltr'><strong>dignoscas</strong></span> 
     </span>
    </p>
   </div>
   <div class='ocr_carea' id='block_1_6' title="bbox 0 0 1506 4824">
    <p class='ocr_par' dir='ltr' id='par_1_6' title="bbox 0 0 1506 4824">
     <span class='ocr_line' id='line_1_35' title="bbox 0 0 1506 4824; baseline 0 0"><span class='ocrx_word' id='word_1_274' title='bbox 0 0 1506 4824; x_wconf 95' lang='lat' dir='ltr'><strong> </strong></span> 
     </span>
    </p>
   </div>
  </div>
 </body>
</html>
