<?xml version="1.0" encoding="UTF-8"?>
<!DOCTYPE html PUBLIC "-//W3C//DTD XHTML 1.0 Transitional//EN"
    "http://www.w3.org/TR/xhtml1/DTD/xhtml1-transitional.dtd">
<html xmlns="http://www.w3.org/1999/xhtml" xml:lang="en" lang="en">
 <head>
  <title>
</title>
<meta http-equiv="Content-Type" content="text/html;charset=utf-8" />
  <meta name='ocr-system' content='tesseract 3.04.00' />
  <meta name='ocr-capabilities' content='ocr_page ocr_carea ocr_par ocr_line ocrx_word'/>
</head>
<body>
  <div class='ocr_page' id='page_1' title='image "./dealcmanepoetal00nigggoog_0024.png"; bbox 0 0 2990 4824; ppageno 0'>
   <div class='ocr_carea' id='block_1_1' title="bbox 727 261 766 324">
    <p class='ocr_par' dir='ltr' id='par_1_1' title="bbox 727 261 766 324">
     <span class='ocr_line' id='line_1_1' title="bbox 727 261 766 324; baseline 0.051 -2"><span class='ocrx_word' id='word_1_1' title='bbox 727 261 766 324; x_wconf 80' lang='lat'>15</span> 
     </span>
    </p>
   </div>
   <div class='ocr_carea' id='block_1_2' title="bbox 175 445 1318 3686">
    <p class='ocr_par' dir='ltr' id='par_1_2' title="bbox 175 445 1318 3009">
     <span class='ocr_line' id='line_1_2' title="bbox 176 445 1314 549; baseline -0.005 -15"><span class='ocrx_word' id='word_1_2' title='bbox 176 479 280 534; x_wconf 88' lang='lat' dir='ltr'>torem</span> <span class='ocrx_word' id='word_1_3' title='bbox 297 489 370 532; x_wconf 91' lang='lat' dir='ltr'>eum</span> <span class='ocrx_word' id='word_1_4' title='bbox 388 469 544 547; x_wconf 88' lang='lat' dir='ltr'>omnium,</span> <span class='ocrx_word' id='word_1_5' title='bbox 564 487 646 548; x_wconf 88' lang='lat' dir='ltr'>quae</span> <span class='ocrx_word' id='word_1_6' title='bbox 666 472 764 531; x_wconf 90' lang='lat' dir='ltr'>antea</span> <span class='ocrx_word' id='word_1_7' title='bbox 782 445 869 549; x_wconf 88' lang='lat' dir='ltr'>apud</span> <span class='ocrx_word' id='word_1_8' title='bbox 886 470 999 548; x_wconf 88' lang='lat' dir='ltr'>poetas</span> <span class='ocrx_word' id='word_1_9' title='bbox 1016 465 1155 529; x_wconf 84' lang='lat' dir='ltr'>Doricae</span> <span class='ocrx_word' id='word_1_10' title='bbox 1173 467 1314 530; x_wconf 90' lang='lat' dir='ltr'>nationis</span> 
     </span>
     <span class='ocr_line' id='line_1_3' title="bbox 175 576 1314 660; baseline -0.004 -16"><span class='ocrx_word' id='word_1_11' title='bbox 175 601 240 644; x_wconf 90' lang='lat' dir='ltr'>non</span> <span class='ocrx_word' id='word_1_12' title='bbox 263 584 453 655; x_wconf 85' lang='lat' dir='ltr'>occurrunt,</span> <span class='ocrx_word' id='word_1_13' title='bbox 473 583 650 641; x_wconf 78' lang='lat' dir='ltr'>metrorum</span> <span class='ocrx_word' id='word_1_14' title='bbox 667 579 855 660; x_wconf 89' lang='lat' dir='ltr'>praedicare</span> <span class='ocrx_word' id='word_1_15' title='bbox 873 576 990 640; x_wconf 87' lang='lat' dir='ltr'>salsum</span> <span class='ocrx_word' id='word_1_16' title='bbox 1009 583 1067 641; x_wconf 90' lang='lat' dir='ltr'>est.</span> <span class='ocrx_word' id='word_1_17' title='bbox 1091 578 1192 641; x_wconf 92' lang='lat' dir='ltr'>Immo</span> <span class='ocrx_word' id='word_1_18' title='bbox 1206 579 1314 660; x_wconf 91' lang='lat' dir='ltr'>potius</span> 
     </span>
     <span class='ocr_line' id='line_1_4' title="bbox 175 689 1315 775; baseline -0.003 -19"><span class='ocrx_word' id='word_1_19' title='bbox 175 690 237 756; x_wconf 94' lang='lat' dir='ltr'>hoc</span> <span class='ocrx_word' id='word_1_20' title='bbox 264 691 475 775; x_wconf 87' lang='lat' dir='ltr'>praecipuum</span> <span class='ocrx_word' id='word_1_21' title='bbox 505 690 575 753; x_wconf 91' lang='lat' dir='ltr'>eius</span> <span class='ocrx_word' id='word_1_22' title='bbox 604 690 754 753; x_wconf 86' lang='lat' dir='ltr'>meritum</span> <span class='ocrx_word' id='word_1_23' title='bbox 787 696 851 769; x_wconf 92' lang='lat' dir='ltr'>est,</span> <span class='ocrx_word' id='word_1_24' title='bbox 883 689 970 771; x_wconf 91' lang='lat' dir='ltr'>quod</span> <span class='ocrx_word' id='word_1_25' title='bbox 998 694 1103 753; x_wconf 85' lang='lat' dir='ltr'>metra</span> <span class='ocrx_word' id='word_1_26' title='bbox 1132 712 1157 754; x_wconf 89' lang='lat' dir='ltr'>a·</span> <span class='ocrx_word' id='word_1_27' title='bbox 1180 690 1315 771; x_wconf 85' lang='lat' dir='ltr'>singulis</span> 
     </span>
     <span class='ocr_line' id='line_1_5' title="bbox 176 801 1316 886; baseline -0.002 -18"><span class='ocrx_word' id='word_1_28' title='bbox 176 805 281 886; x_wconf 90' lang='lat' dir='ltr'>poetis</span> <span class='ocrx_word' id='word_1_29' title='bbox 304 805 337 866; x_wconf 90' lang='lat' dir='ltr'>in</span> <span class='ocrx_word' id='word_1_30' title='bbox 358 803 494 866; x_wconf 78' lang='lat' dir='ltr'>dirersis</span> <span class='ocrx_word' id='word_1_31' title='bbox 514 801 670 866; x_wconf 83' lang='lat' dir='ltr'>Graeciae</span> <span class='ocrx_word' id='word_1_32' title='bbox 686 801 871 884; x_wconf 82' lang='lat' dir='ltr'>regionibus</span> <span class='ocrx_word' id='word_1_33' title='bbox 887 803 1018 865; x_wconf 84' lang='lat' dir='ltr'>inventa</span> <span class='ocrx_word' id='word_1_34' title='bbox 1033 802 1203 884; x_wconf 89' lang='lat' dir='ltr'>usurpavit</span> <span class='ocrx_word' id='word_1_35' title='bbox 1218 808 1316 884; x_wconf 89' lang='lat' dir='ltr'>atque</span> 
     </span>
     <span class='ocr_line' id='line_1_6' title="bbox 177 893 1316 998; baseline -0.004 -18"><span class='ocrx_word' id='word_1_36' title='bbox 177 917 211 980; x_wconf 93' lang='lat' dir='ltr'>in</span> <span class='ocrx_word' id='word_1_37' title='bbox 233 915 345 998; x_wconf 86' lang='lat' dir='ltr'>poesin</span> <span class='ocrx_word' id='word_1_38' title='bbox 369 914 521 978; x_wconf 89' lang='lat' dir='ltr'>Doricam</span> <span class='ocrx_word' id='word_1_39' title='bbox 542 893 681 977; x_wconf 79' lang='lat' dir='ltr'>induxit.</span> <span class='ocrx_word' id='word_1_40' title='bbox 707 913 873 993; x_wconf 85' lang='lat' dir='ltr'>Omnium,</span> <span class='ocrx_word' id='word_1_41' title='bbox 892 913 1039 996; x_wconf 86' lang='lat' dir='ltr'>quiante</span> <span class='ocrx_word' id='word_1_42' title='bbox 1055 914 1220 977; x_wconf 90' lang='lat' dir='ltr'>Alcmanis</span> <span class='ocrx_word' id='word_1_43' title='bbox 1236 920 1316 978; x_wconf 89' lang='lat' dir='ltr'>tem-</span> 
     </span>
     <span class='ocr_line' id='line_1_7' title="bbox 178 1024 1315 1110; baseline -0.003 -18"><span class='ocrx_word' id='word_1_44' title='bbox 178 1049 259 1110; x_wconf 90' lang='lat' dir='ltr'>pora</span> <span class='ocrx_word' id='word_1_45' title='bbox 280 1025 455 1104; x_wconf 87' lang='lat' dir='ltr'>florebant,</span> <span class='ocrx_word' id='word_1_46' title='bbox 474 1032 643 1108; x_wconf 88' lang='lat' dir='ltr'>poetarum</span> <span class='ocrx_word' id='word_1_47' title='bbox 664 1025 822 1108; x_wconf 90' lang='lat' dir='ltr'>plurimas</span> <span class='ocrx_word' id='word_1_48' title='bbox 837 1047 937 1089; x_wconf 85' lang='lat' dir='ltr'>novas</span> <span class='ocrx_word' id='word_1_49' title='bbox 952 1024 1178 1106; x_wconf 80' lang='lat' dir='ltr'>rhythmorum</span> <span class='ocrx_word' id='word_1_50' title='bbox 1194 1027 1315 1089; x_wconf 85' lang='lat' dir='ltr'>formas</span> 
     </span>
     <span class='ocr_line' id='line_1_8' title="bbox 180 1137 1315 1220; baseline -0.002 -18"><span class='ocrx_word' id='word_1_51' title='bbox 180 1139 389 1203; x_wconf 87' lang='lat' dir='ltr'>Archilochus</span> <span class='ocrx_word' id='word_1_52' title='bbox 421 1138 574 1216; x_wconf 88' lang='lat' dir='ltr'>tentavit,</span> <span class='ocrx_word' id='word_1_53' title='bbox 606 1139 732 1219; x_wconf 82' lang='lat' dir='ltr'>generis</span> <span class='ocrx_word' id='word_1_54' title='bbox 764 1139 937 1220; x_wconf 85' lang='lat' dir='ltr'>praecipue</span> <span class='ocrx_word' id='word_1_55' title='bbox 969 1137 1123 1219; x_wconf 79' lang='lat' dir='ltr'>duplicia,</span> <span class='ocrx_word' id='word_1_56' title='bbox 1156 1160 1194 1200; x_wconf 89' lang='lat' dir='ltr'>ex</span> <span class='ocrx_word' id='word_1_57' title='bbox 1224 1139 1315 1218; x_wconf 90' lang='lat' dir='ltr'>poesi</span> 
     </span>
     <span class='ocr_line' id='line_1_9' title="bbox 180 1247 1316 1335; baseline -0.003 -20"><span class='ocrx_word' id='word_1_58' title='bbox 180 1252 328 1335; x_wconf 91' lang='lat' dir='ltr'>populari</span> <span class='ocrx_word' id='word_1_59' title='bbox 343 1252 377 1314; x_wconf 94' lang='lat' dir='ltr'>in</span> <span class='ocrx_word' id='word_1_60' title='bbox 393 1250 496 1314; x_wconf 89' lang='lat' dir='ltr'>sacris</span> <span class='ocrx_word' id='word_1_61' title='bbox 517 1250 720 1332; x_wconf 85' lang='lat' dir='ltr'>Dionysiaeis</span> <span class='ocrx_word' id='word_1_62' title='bbox 741 1247 876 1314; x_wconf 84' lang='lat' dir='ltr'>solemni</span> <span class='ocrx_word' id='word_1_63' title='bbox 895 1251 1063 1332; x_wconf 89' lang='lat' dir='ltr'>repetitas.</span> <span class='ocrx_word' id='word_1_64' title='bbox 1074 1249 1098 1334; x_wconf 85' lang='grc'>1)</span> <span class='ocrx_word' id='word_1_65' title='bbox 1124 1249 1221 1314; x_wconf 88' lang='lat' dir='ltr'>Cuius</span> <span class='ocrx_word' id='word_1_66' title='bbox 1243 1249 1316 1312; x_wconf 90' lang='lat' dir='ltr'>Alc-</span> 
     </span>
     <span class='ocr_line' id='line_1_10' title="bbox 179 1361 1317 1444; baseline -0.002 -17"><span class='ocrx_word' id='word_1_67' title='bbox 179 1384 254 1427; x_wconf 89' lang='lat' dir='ltr'>man</span> <span class='ocrx_word' id='word_1_68' title='bbox 277 1363 412 1444; x_wconf 83' lang='lat' dir='ltr'>vestigia</span> <span class='ocrx_word' id='word_1_69' title='bbox 435 1383 589 1444; x_wconf 88' lang='lat' dir='ltr'>sequens,</span> <span class='ocrx_word' id='word_1_70' title='bbox 614 1383 713 1443; x_wconf 91' lang='lat' dir='ltr'>quum</span> <span class='ocrx_word' id='word_1_71' title='bbox 733 1362 793 1426; x_wconf 91' lang='lat' dir='ltr'>has</span> <span class='ocrx_word' id='word_1_72' title='bbox 813 1363 940 1444; x_wconf 82' lang='lat' dir='ltr'>generis</span> <span class='ocrx_word' id='word_1_73' title='bbox 957 1361 1096 1443; x_wconf 91' lang='lat' dir='ltr'>duplicis</span> <span class='ocrx_word' id='word_1_74' title='bbox 1112 1361 1232 1426; x_wconf 87' lang='lat' dir='ltr'>formas</span> <span class='ocrx_word' id='word_1_75' title='bbox 1247 1383 1317 1425; x_wconf 90' lang='lat' dir='ltr'>car-</span> 
     </span>
     <span class='ocr_line' id='line_1_11' title="bbox 178 1473 1316 1557; baseline -0.001 -18"><span class='ocrx_word' id='word_1_76' title='bbox 178 1475 318 1539; x_wconf 92' lang='lat' dir='ltr'>minibus</span> <span class='ocrx_word' id='word_1_77' title='bbox 342 1474 480 1537; x_wconf 89' lang='lat' dir='ltr'>choricis</span> <span class='ocrx_word' id='word_1_78' title='bbox 501 1475 624 1556; x_wconf 91' lang='lat' dir='ltr'>primus</span> <span class='ocrx_word' id='word_1_79' title='bbox 644 1473 815 1538; x_wconf 89' lang='lat' dir='ltr'>adhiberet</span> <span class='ocrx_word' id='word_1_80' title='bbox 832 1475 1018 1557; x_wconf 89' lang='lat' dir='ltr'>primusque</span> <span class='ocrx_word' id='word_1_81' title='bbox 1035 1473 1196 1556; x_wconf 88' lang='lat' dir='ltr'>dactylica</span> <span class='ocrx_word' id='word_1_82' title='bbox 1211 1481 1316 1538; x_wconf 89' lang='lat' dir='ltr'>metra</span> 
     </span>
     <span class='ocr_line' id='line_1_12' title="bbox 179 1585 1316 1668; baseline -0.003 -16"><span class='ocrx_word' id='word_1_83' title='bbox 179 1585 366 1652; x_wconf 78' lang='lat' dir='ltr'>hexametro</span> <span class='ocrx_word' id='word_1_84' title='bbox 390 1585 539 1650; x_wconf 84' lang='lat' dir='ltr'>breviora</span> <span class='ocrx_word' id='word_1_85' title='bbox 561 1586 594 1648; x_wconf 91' lang='lat' dir='ltr'>in</span> <span class='ocrx_word' id='word_1_86' title='bbox 618 1587 707 1668; x_wconf 89' lang='lat' dir='ltr'>poesi</span> <span class='ocrx_word' id='word_1_87' title='bbox 731 1586 851 1650; x_wconf 87' lang='lat' dir='ltr'>Dorica</span> <span class='ocrx_word' id='word_1_88' title='bbox 873 1592 1060 1668; x_wconf 80' lang='lat' dir='ltr'>usurparet,</span> <span class='ocrx_word' id='word_1_89' title='bbox 1088 1593 1175 1650; x_wconf 90' lang='lat' dir='ltr'>recte</span> <span class='ocrx_word' id='word_1_90' title='bbox 1200 1585 1316 1650; x_wconf 83' lang='lat' dir='ltr'>Suidas</span> 
     </span>
     <span class='ocr_line' id='line_1_13' title="bbox 180 1691 1317 1783; baseline -0.003 -21"><span class='ocrx_word' id='word_1_91' title='bbox 180 1698 220 1762; x_wconf 90' lang='lat' dir='ltr'>de</span> <span class='ocrx_word' id='word_1_92' title='bbox 245 1720 283 1762; x_wconf 92' lang='lat' dir='ltr'>eo</span> <span class='ocrx_word' id='word_1_93' title='bbox 303 1698 409 1761; x_wconf 89' lang='lat' dir='ltr'>dicere</span> <span class='ocrx_word' id='word_1_94' title='bbox 431 1699 593 1781; x_wconf 73' lang='lat' dir='ltr'>potest12)</span> <span class='ocrx_word' id='word_1_95' title='bbox 616 1701 746 1783; x_wconf 77' lang='grc' dir='ltr'><em>πρῶτος</em></span> <span class='ocrx_word' id='word_1_96' title='bbox 770 1695 805 1759; x_wconf 82' lang='grc' dir='ltr'>δὲ</span> <span class='ocrx_word' id='word_1_97' title='bbox 828 1691 976 1781; x_wconf 72' lang='grc' dir='ltr'>εἰσήγαγε</span> <span class='ocrx_word' id='word_1_98' title='bbox 998 1695 1035 1759; x_wconf 80' lang='grc' dir='ltr'>τὰ</span> <span class='ocrx_word' id='word_1_99' title='bbox 1058 1697 1105 1782; x_wconf 67' lang='grc' dir='ltr'>μὴ</span> <span class='ocrx_word' id='word_1_100' title='bbox 1128 1695 1317 1783; x_wconf 76' lang='grc' dir='ltr'><em>ἑξαμέτροις</em></span> 
     </span>
     <span class='ocr_line' id='line_1_14' title="bbox 179 1808 1315 1892; baseline -0.001 -20"><span class='ocrx_word' id='word_1_101' title='bbox 179 1809 350 1892; x_wconf 72' lang='grc' dir='ltr'><em>μελῳδεῖν,</em></span> <span class='ocrx_word' id='word_1_102' title='bbox 383 1809 498 1890; x_wconf 90' lang='lat' dir='ltr'>quibus</span> <span class='ocrx_word' id='word_1_103' title='bbox 528 1809 633 1873; x_wconf 90' lang='lat' dir='ltr'>verbis</span> <span class='ocrx_word' id='word_1_104' title='bbox 666 1810 816 1891; x_wconf 84' lang='lat' dir='ltr'>congruit</span> <span class='ocrx_word' id='word_1_105' title='bbox 846 1808 969 1872; x_wconf 89' lang='lat' dir='ltr'>dictum</span> <span class='ocrx_word' id='word_1_106' title='bbox 998 1808 1079 1871; x_wconf 93' lang='lat' dir='ltr'>illud</span> <span class='ocrx_word' id='word_1_107' title='bbox 1108 1810 1275 1891; x_wconf 91' lang='lat' dir='ltr'>anonymi:</span> <span class='ocrx_word' id='word_1_108' title='bbox 1290 1808 1315 1892; x_wconf 79' lang='lat'>³)</span> 
     </span>
     <span class='ocr_line' id='line_1_15' title="bbox 183 1920 1317 2001; baseline -0.002 -17"><span class='ocrx_word' id='word_1_109' title='bbox 183 1922 319 1984; x_wconf 89' lang='lat' dir='ltr'>Alcman</span> <span class='ocrx_word' id='word_1_110' title='bbox 335 1943 483 1985; x_wconf 90' lang='lat' dir='ltr'>numeros</span> <span class='ocrx_word' id='word_1_111' title='bbox 498 1924 595 1986; x_wconf 88' lang='lat' dir='ltr'>etiarn</span> <span class='ocrx_word' id='word_1_112' title='bbox 612 1922 728 1986; x_wconf 90' lang='lat' dir='ltr'>minuit</span> <span class='ocrx_word' id='word_1_113' title='bbox 744 1922 776 1984; x_wconf 90' lang='lat' dir='ltr'>in</span> <span class='ocrx_word' id='word_1_114' title='bbox 793 1922 945 1984; x_wconf 85' lang='lat' dir='ltr'>carmine.</span> <span class='ocrx_word' id='word_1_115' title='bbox 976 1920 1088 2001; x_wconf 88' lang='lat' dir='ltr'>Neque</span> <span class='ocrx_word' id='word_1_116' title='bbox 1109 1927 1217 1984; x_wconf 88' lang='lat' dir='ltr'>tamen</span> <span class='ocrx_word' id='word_1_117' title='bbox 1239 1920 1317 1983; x_wconf 91' lang='lat' dir='ltr'>alio-</span> 
     </span>
     <span class='ocr_line' id='line_1_16' title="bbox 184 2033 1318 2116; baseline -0.002 -19"><span class='ocrx_word' id='word_1_118' title='bbox 184 2054 257 2097; x_wconf 91' lang='lat' dir='ltr'>rum</span> <span class='ocrx_word' id='word_1_119' title='bbox 280 2039 447 2115; x_wconf 88' lang='lat' dir='ltr'>poetarum</span> <span class='ocrx_word' id='word_1_120' title='bbox 469 2035 601 2098; x_wconf 89' lang='lat' dir='ltr'>inventa</span> <span class='ocrx_word' id='word_1_121' title='bbox 624 2035 780 2116; x_wconf 83' lang='lat' dir='ltr'>neglexit,</span> <span class='ocrx_word' id='word_1_122' title='bbox 804 2033 959 2097; x_wconf 90' lang='lat' dir='ltr'>nonnulla</span> <span class='ocrx_word' id='word_1_123' title='bbox 982 2033 1052 2114; x_wconf 89' lang='lat' dir='ltr'>ipse</span> <span class='ocrx_word' id='word_1_124' title='bbox 1076 2034 1220 2112; x_wconf 87' lang='lat' dir='ltr'>novavit,</span> <span class='ocrx_word' id='word_1_125' title='bbox 1236 2053 1318 2096; x_wconf 91' lang='lat' dir='ltr'>sem·</span> 
     </span>
     <span class='ocr_line' id='line_1_17' title="bbox 180 2142 1318 2228; baseline 0 -20"><span class='ocrx_word' id='word_1_126' title='bbox 180 2167 239 2228; x_wconf 91' lang='lat' dir='ltr'>per</span> <span class='ocrx_word' id='word_1_127' title='bbox 261 2144 356 2208; x_wconf 86' lang='lat' dir='ltr'>rebus</span> <span class='ocrx_word' id='word_1_128' title='bbox 369 2145 517 2209; x_wconf 83' lang='lat' dir='ltr'>dicendis</span> <span class='ocrx_word' id='word_1_129' title='bbox 527 2146 662 2209; x_wconf 89' lang='lat' dir='ltr'>formam</span> <span class='ocrx_word' id='word_1_130' title='bbox 681 2146 801 2226; x_wconf 87' lang='lat' dir='ltr'>optime</span> <span class='ocrx_word' id='word_1_131' title='bbox 817 2142 1073 2208; x_wconf 89' lang='lat' dir='ltr'>accommodans.</span> <span class='ocrx_word' id='word_1_132' title='bbox 1099 2145 1187 2221; x_wconf 80' lang='lat' dir='ltr'>Quae</span> <span class='ocrx_word' id='word_1_133' title='bbox 1210 2146 1318 2209; x_wconf 92' lang='lat' dir='ltr'>omnia</span> 
     </span>
     <span class='ocr_line' id='line_1_18' title="bbox 180 2255 1317 2338; baseline -0.002 -17"><span class='ocrx_word' id='word_1_134' title='bbox 180 2265 217 2321; x_wconf 88' lang='lat' dir='ltr'>ut</span> <span class='ocrx_word' id='word_1_135' title='bbox 239 2258 352 2338; x_wconf 83' lang='lat' dir='ltr'>magis·</span> <span class='ocrx_word' id='word_1_136' title='bbox 366 2257 527 2335; x_wconf 89' lang='lat' dir='ltr'>eluceant,</span> <span class='ocrx_word' id='word_1_137' title='bbox 552 2257 678 2338; x_wconf 80' lang='lat' dir='ltr'>singula</span> <span class='ocrx_word' id='word_1_138' title='bbox 698 2255 923 2338; x_wconf 84' lang='lat' dir='ltr'>rhythmorum</span> <span class='ocrx_word' id='word_1_139' title='bbox 939 2275 1073 2336; x_wconf 85' lang='lat' dir='ltr'>genera,</span> <span class='ocrx_word' id='word_1_140' title='bbox 1097 2257 1227 2337; x_wconf 88' lang='lat' dir='ltr'>quaein</span> <span class='ocrx_word' id='word_1_141' title='bbox 1244 2257 1317 2319; x_wconf 87' lang='lat' dir='ltr'>Ale-</span> 
     </span>
     <span class='ocr_line' id='line_1_19' title="bbox 182 2367 1318 2451; baseline 0 -19"><span class='ocrx_word' id='word_1_142' title='bbox 182 2370 286 2432; x_wconf 88' lang='lat' dir='ltr'>mauis</span> <span class='ocrx_word' id='word_1_143' title='bbox 310 2368 505 2432; x_wconf 88' lang='lat' dir='ltr'>carminibus</span> <span class='ocrx_word' id='word_1_144' title='bbox 529 2367 624 2431; x_wconf 88' lang='lat' dir='ltr'>obvia</span> <span class='ocrx_word' id='word_1_145' title='bbox 647 2374 735 2446; x_wconf 87' lang='lat' dir='ltr'>sunt,</span> <span class='ocrx_word' id='word_1_146' title='bbox 758 2368 871 2450; x_wconf 90' lang='lat' dir='ltr'>paucis</span> <span class='ocrx_word' id='word_1_147' title='bbox 894 2367 1111 2451; x_wconf 67' lang='lat' dir='ltr'>describaml)</span> <span class='ocrx_word' id='word_1_148' title='bbox 1142 2390 1245 2450; x_wconf 92' lang='lat' dir='ltr'>neque</span> <span class='ocrx_word' id='word_1_149' title='bbox 1269 2373 1318 2432; x_wconf 92' lang='lat' dir='ltr'>ta·</span> 
     </span>
     <span class='ocr_line' id='line_1_20' title="bbox 183 2479 1318 2564; baseline 0.001 -22"><span class='ocrx_word' id='word_1_150' title='bbox 183 2501 257 2543; x_wconf 90' lang='lat' dir='ltr'>men</span> <span class='ocrx_word' id='word_1_151' title='bbox 278 2480 312 2544; x_wconf 88' lang='lat' dir='ltr'>id</span> <span class='ocrx_word' id='word_1_152' title='bbox 332 2481 606 2564; x_wconf 83' lang='lat' dir='ltr'>praetermittam,</span> <span class='ocrx_word' id='word_1_153' title='bbox 635 2479 719 2542; x_wconf 90' lang='lat' dir='ltr'>unde</span> <span class='ocrx_word' id='word_1_154' title='bbox 743 2479 870 2560; x_wconf 83' lang='lat' dir='ltr'>singula</span> <span class='ocrx_word' id='word_1_155' title='bbox 892 2485 996 2542; x_wconf 90' lang='lat' dir='ltr'>metra</span> <span class='ocrx_word' id='word_1_156' title='bbox 1018 2481 1220 2560; x_wconf 84' lang='lat' dir='ltr'>repetiverit,</span> <span class='ocrx_word' id='word_1_157' title='bbox 1249 2481 1318 2562; x_wconf 91' lang='lat' dir='ltr'>qui-</span> 
     </span>
     <span class='ocr_line' id='line_1_21' title="bbox 185 2588 1318 2674; baseline 0.003 -21"><span class='ocrx_word' id='word_1_158' title='bbox 185 2588 305 2674; x_wconf 91' lang='lat' dir='ltr'>busque</span> <span class='ocrx_word' id='word_1_159' title='bbox 321 2593 353 2655; x_wconf 91' lang='lat' dir='ltr'>in</span> <span class='ocrx_word' id='word_1_160' title='bbox 379 2593 558 2655; x_wconf 86' lang='lat' dir='ltr'>carminum</span> <span class='ocrx_word' id='word_1_161' title='bbox 582 2590 753 2673; x_wconf 84' lang='lat' dir='ltr'>generibus</span> <span class='ocrx_word' id='word_1_162' title='bbox 776 2591 979 2668; x_wconf 89' lang='lat' dir='ltr'>adhibuerit,</span> <span class='ocrx_word' id='word_1_163' title='bbox 1003 2597 1161 2671; x_wconf 91' lang='lat' dir='ltr'>quantum</span> <span class='ocrx_word' id='word_1_164' title='bbox 1176 2592 1247 2657; x_wconf 90' lang='lat' dir='ltr'>fieri</span> <span class='ocrx_word' id='word_1_165' title='bbox 1262 2613 1318 2674; x_wconf 91' lang='lat' dir='ltr'>po-</span> 
     </span>
     <span class='ocr_line' id='line_1_22' title="bbox 183 2702 1318 2788; baseline 0.002 -22"><span class='ocrx_word' id='word_1_166' title='bbox 183 2709 261 2782; x_wconf 87' lang='lat' dir='ltr'>test,</span> <span class='ocrx_word' id='word_1_167' title='bbox 284 2704 414 2768; x_wconf 89' lang='lat' dir='ltr'>addere.</span> <span class='ocrx_word' id='word_1_168' title='bbox 446 2702 529 2768; x_wconf 88' lang='lat' dir='ltr'>Dein</span> <span class='ocrx_word' id='word_1_169' title='bbox 555 2702 594 2766; x_wconf 90' lang='lat' dir='ltr'>de</span> <span class='ocrx_word' id='word_1_170' title='bbox 618 2709 688 2767; x_wconf 85' lang='lat' dir='ltr'>arte</span> <span class='ocrx_word' id='word_1_171' title='bbox 712 2710 744 2766; x_wconf 92' lang='lat' dir='ltr'>et</span> <span class='ocrx_word' id='word_1_172' title='bbox 768 2703 909 2782; x_wconf 88' lang='lat' dir='ltr'>ratione,</span> <span class='ocrx_word' id='word_1_173' title='bbox 938 2704 1058 2783; x_wconf 91' lang='lat' dir='ltr'>quain</span> <span class='ocrx_word' id='word_1_174' title='bbox 1090 2705 1318 2788; x_wconf 88' lang='lat' dir='ltr'>componendis</span> 
     </span>
     <span class='ocr_line' id='line_1_23' title="bbox 182 2813 1318 2900; baseline 0.004 -22"><span class='ocrx_word' id='word_1_175' title='bbox 182 2816 323 2897; x_wconf 88' lang='lat' dir='ltr'>strophis</span> <span class='ocrx_word' id='word_1_176' title='bbox 345 2837 422 2881; x_wconf 91' lang='lat' dir='ltr'>usus</span> <span class='ocrx_word' id='word_1_177' title='bbox 445 2822 507 2894; x_wconf 87' lang='lat' dir='ltr'>est,</span> <span class='ocrx_word' id='word_1_178' title='bbox 532 2815 674 2896; x_wconf 89' lang='lat' dir='ltr'>quidque</span> <span class='ocrx_word' id='word_1_179' title='bbox 698 2813 737 2877; x_wconf 92' lang='lat' dir='ltr'>de</span> <span class='ocrx_word' id='word_1_180' title='bbox 761 2813 936 2878; x_wconf 89' lang='lat' dir='ltr'>excolenda</span> <span class='ocrx_word' id='word_1_181' title='bbox 959 2814 1168 2896; x_wconf 88' lang='lat' dir='ltr'>stropharum</span> <span class='ocrx_word' id='word_1_182' title='bbox 1190 2837 1318 2900; x_wconf 93' lang='lat' dir='ltr'>compo-</span> 
     </span>
     <span class='ocr_line' id='line_1_24' title="bbox 185 2925 887 3009; baseline 0.003 -19"><span class='ocrx_word' id='word_1_183' title='bbox 185 2927 300 2991; x_wconf 90' lang='lat' dir='ltr'>sitione</span> <span class='ocrx_word' id='word_1_184' title='bbox 323 2929 459 2991; x_wconf 89' lang='lat' dir='ltr'>meritus</span> <span class='ocrx_word' id='word_1_185' title='bbox 483 2927 541 3006; x_wconf 87' lang='lat' dir='ltr'>sit,</span> <span class='ocrx_word' id='word_1_186' title='bbox 566 2925 792 3009; x_wconf 88' lang='lat' dir='ltr'>explicandum</span> <span class='ocrx_word' id='word_1_187' title='bbox 815 2929 887 2993; x_wconf 86' lang='lat' dir='ltr'>erit.</span> 
     </span>
    </p>

    <p class='ocr_par' dir='ltr' id='par_1_3' title="bbox 182 3037 1317 3571">
     <span class='ocr_line' id='line_1_25' title="bbox 274 3037 1317 3127; baseline 0.003 -27"><span class='ocrx_word' id='word_1_188' title='bbox 274 3044 303 3100; x_wconf 89' lang='lat' dir='ltr'><em>T</em></span> <span class='ocrx_word' id='word_1_189' title='bbox 300 3045 441 3102; x_wconf 82' lang='lat' dir='ltr'>roclraici</span> <span class='ocrx_word' id='word_1_190' title='bbox 462 3044 580 3100; x_wconf 78' lang='lat' dir='ltr'>rrurrrcri</span> <span class='ocrx_word' id='word_1_191' title='bbox 602 3037 827 3101; x_wconf 82' lang='lat' dir='ltr'>brevissimum</span> <span class='ocrx_word' id='word_1_192' title='bbox 849 3045 988 3102; x_wconf 83' lang='lat' dir='ltr'>metrum</span> <span class='ocrx_word' id='word_1_193' title='bbox 1011 3041 1153 3104; x_wconf 76' lang='lat' dir='ltr'>occurrit</span> <span class='ocrx_word' id='word_1_194' title='bbox 1180 3045 1317 3127; x_wconf 82' lang='lat' dir='ltr'>dr&#39;podia</span> 
     </span>
     <span class='ocr_line' id='line_1_26' title="bbox 182 3151 1317 3233; baseline 0.005 -20"><span class='ocrx_word' id='word_1_195' title='bbox 182 3151 361 3232; x_wconf 88' lang='lat' dir='ltr'>trochaica,</span> <span class='ocrx_word' id='word_1_196' title='bbox 385 3172 483 3233; x_wconf 88' lang='lat' dir='ltr'>quam</span> <span class='ocrx_word' id='word_1_197' title='bbox 502 3151 565 3214; x_wconf 93' lang='lat' dir='ltr'>nisi</span> <span class='ocrx_word' id='word_1_198' title='bbox 586 3151 791 3214; x_wconf 88' lang='lat' dir='ltr'>coniunctam</span> <span class='ocrx_word' id='word_1_199' title='bbox 814 3172 886 3214; x_wconf 92' lang='lat' dir='ltr'>cum</span> <span class='ocrx_word' id='word_1_200' title='bbox 910 3151 983 3214; x_wconf 90' lang='lat' dir='ltr'>aliis</span> <span class='ocrx_word' id='word_1_201' title='bbox 1003 3151 1169 3217; x_wconf 89' lang='lat' dir='ltr'>ordinibus</span> <span class='ocrx_word' id='word_1_202' title='bbox 1191 3176 1255 3218; x_wconf 92' lang='lat' dir='ltr'>non</span> <span class='ocrx_word' id='word_1_203' title='bbox 1270 3155 1317 3219; x_wconf 91' lang='lat' dir='ltr'>in-</span> 
     </span>
     <span class='ocr_line' id='line_1_27' title="bbox 182 3253 1316 3348; baseline 0.007 -25"><span class='ocrx_word' id='word_1_204' title='bbox 182 3263 284 3326; x_wconf 83' lang='lat' dir='ltr'>venio.</span> <span class='ocrx_word' id='word_1_205' title='bbox 317 3263 391 3345; x_wconf 83' lang='lat' dir='ltr'>Frg.</span> <span class='ocrx_word' id='word_1_206' title='bbox 423 3267 462 3325; x_wconf 90' lang='grc'>63</span> <span class='ocrx_word' id='word_1_207' title='bbox 486 3253 670 3326; x_wconf 86' lang='lat' dir='ltr'>¹dimetrum</span> <span class='ocrx_word' id='word_1_208' title='bbox 698 3261 817 3344; x_wconf 90' lang='lat' dir='ltr'>dactyl.</span> <span class='ocrx_word' id='word_1_209' title='bbox 848 3269 910 3327; x_wconf 89' lang='lat' dir='ltr'>eat.</span> <span class='ocrx_word' id='word_1_210' title='bbox 939 3264 973 3327; x_wconf 92' lang='lat' dir='ltr'>in</span> <span class='ocrx_word' id='word_1_211' title='bbox 1001 3263 1108 3347; x_wconf 89' lang='lat' dir='ltr'>disyll.</span> <span class='ocrx_word' id='word_1_212' title='bbox 1138 3267 1316 3348; x_wconf 89' lang='lat' dir='ltr'>antecedit,</span> 
     </span>
     <span class='ocr_line' id='line_1_28' title="bbox 183 3373 1317 3458; baseline 0.007 -22"><span class='ocrx_word' id='word_1_213' title='bbox 183 3373 238 3437; x_wconf 90' lang='lat' dir='ltr'>sed</span> <span class='ocrx_word' id='word_1_214' title='bbox 260 3375 435 3454; x_wconf 88' lang='lat' dir='ltr'>incertum,</span> <span class='ocrx_word' id='word_1_215' title='bbox 463 3397 506 3438; x_wconf 91' lang='lat' dir='ltr'>an</span> <span class='ocrx_word' id='word_1_216' title='bbox 529 3376 571 3438; x_wconf 92' lang='lat' dir='ltr'>sit</span> <span class='ocrx_word' id='word_1_217' title='bbox 599 3374 719 3456; x_wconf 85' lang='lat' dir='ltr'>duplex</span> <span class='ocrx_word' id='word_1_218' title='bbox 745 3373 842 3438; x_wconf 88' lang='lat' dir='ltr'>basis.</span> <span class='ocrx_word' id='word_1_219' title='bbox 874 3376 1028 3458; x_wconf 87' lang='lat' dir='ltr'>Sequitur</span> <span class='ocrx_word' id='word_1_220' title='bbox 1051 3400 1178 3442; x_wconf 88' lang='lat' dir='ltr'>versum</span> <span class='ocrx_word' id='word_1_221' title='bbox 1201 3379 1317 3444; x_wconf 90' lang='lat' dir='ltr'>Phere-</span> 
     </span>
     <span class='ocr_line' id='line_1_29' title="bbox 183 3485 1316 3571; baseline 0.007 -24"><span class='ocrx_word' id='word_1_222' title='bbox 183 3492 329 3551; x_wconf 91' lang='lat' dir='ltr'>crateum</span> <span class='ocrx_word' id='word_1_223' title='bbox 357 3487 417 3570; x_wconf 86' lang='lat' dir='ltr'>lrg.</span> <span class='ocrx_word' id='word_1_224' title='bbox 443 3489 498 3566; x_wconf 82' lang='grc'>66,</span> <span class='ocrx_word' id='word_1_225' title='bbox 523 3491 552 3549; x_wconf 84' lang='grc'>2.</span> <span class='ocrx_word' id='word_1_226' title='bbox 588 3485 771 3568; x_wconf 88' lang='lat' dir='ltr'>Spondeum</span> <span class='ocrx_word' id='word_1_227' title='bbox 793 3487 843 3551; x_wconf 91' lang='lat' dir='ltr'>his</span> <span class='ocrx_word' id='word_1_228' title='bbox 867 3487 946 3551; x_wconf 93' lang='lat' dir='ltr'>locis</span> <span class='ocrx_word' id='word_1_229' title='bbox 968 3495 1066 3571; x_wconf 90' lang='lat' dir='ltr'>poeta</span> <span class='ocrx_word' id='word_1_230' title='bbox 1089 3512 1153 3554; x_wconf 92' lang='lat' dir='ltr'>non</span> <span class='ocrx_word' id='word_1_231' title='bbox 1176 3491 1316 3555; x_wconf 88' lang='lat' dir='ltr'>admisit.</span> 
     </span>
    </p>

    <p class='ocr_par' dir='ltr' id='par_1_4' title="bbox 268 3599 1317 3686">
     <span class='ocr_line' id='line_1_30' title="bbox 268 3599 1317 3686; baseline 0.007 -27"><span class='ocrx_word' id='word_1_232' title='bbox 268 3605 411 3660; x_wconf 76' lang='lat' dir='ltr'>Dimetre</span> <span class='ocrx_word' id='word_1_233' title='bbox 427 3604 586 3660; x_wconf 80' lang='lat' dir='ltr'>trochaico</span> <span class='ocrx_word' id='word_1_234' title='bbox 601 3603 634 3661; x_wconf 73' lang='lat' dir='ltr'>el</span> <span class='ocrx_word' id='word_1_235' title='bbox 650 3599 860 3684; x_wconf 76' lang='lat' dir='ltr'>acatalecro⁵)</span> <span class='ocrx_word' id='word_1_236' title='bbox 885 3606 918 3664; x_wconf 71' lang='lat' dir='ltr'>et</span> <span class='ocrx_word' id='word_1_237' title='bbox 933 3606 1115 3665; x_wconf 74' lang='lat' dir='ltr'>catalectico</span> <span class='ocrx_word' id='word_1_238' title='bbox 1131 3603 1317 3686; x_wconf 80' lang='lat' dir='ltr'>saepissime</span> 
     </span>
    </p>
   </div>
   <div class='ocr_carea' id='block_1_3' title="bbox 287 3823 1130 4092">
    <p class='ocr_par' dir='ltr' id='par_1_5' title="bbox 287 3823 1130 4092">
     <span class='ocr_line' id='line_1_31' title="bbox 291 3823 1130 3896; baseline 0.004 -18"><span class='ocrx_word' id='word_1_239' title='bbox 291 3833 309 3890; x_wconf 86' lang='lat'>¹)</span> <span class='ocrx_word' id='word_1_240' title='bbox 329 3824 378 3878; x_wconf 89' lang='lat' dir='ltr'>cfr.</span> <span class='ocrx_word' id='word_1_241' title='bbox 397 3823 570 3877; x_wconf 83' lang='lat' dir='ltr'>Rossbach</span> <span class='ocrx_word' id='word_1_242' title='bbox 589 3830 617 3876; x_wconf 86' lang='lat' dir='ltr'>et</span> <span class='ocrx_word' id='word_1_243' title='bbox 635 3823 822 3891; x_wconf 87' lang='lat' dir='ltr'>Westphal,</span> <span class='ocrx_word' id='word_1_244' title='bbox 842 3825 942 3879; x_wconf 87' lang='lat' dir='ltr'>Metrik</span> <span class='ocrx_word' id='word_1_245' title='bbox 962 3827 1009 3879; x_wconf 89' lang='lat' dir='ltr'>ill.</span> <span class='ocrx_word' id='word_1_246' title='bbox 1028 3845 1055 3896; x_wconf 91' lang='lat' dir='ltr'>p.</span> <span class='ocrx_word' id='word_1_247' title='bbox 1074 3828 1130 3882; x_wconf 74' lang='lat'>135.</span> 
     </span>
     <span class='ocr_line' id='line_1_32' title="bbox 288 3915 545 3995; baseline -0.012 -18"><span class='ocrx_word' id='word_1_248' title='bbox 288 3922 308 3988; x_wconf 83' lang='lat'>²)</span> <span class='ocrx_word' id='word_1_249' title='bbox 327 3935 349 3973; x_wconf 84' lang='lat' dir='ltr'>S.</span> <span class='ocrx_word' id='word_1_250' title='bbox 368 3937 393 3973; x_wconf 78' lang='lat' dir='ltr'>V·</span> <span class='ocrx_word' id='word_1_251' title='bbox 409 3915 545 3995; x_wconf 70' lang='grc' dir='ltr'>Ἀλκμάν.</span> 
     </span>
     <span class='ocr_line' id='line_1_33' title="bbox 287 4021 984 4092; baseline 0.003 -16"><span class='ocrx_word' id='word_1_252' title='bbox 287 4023 307 4090; x_wconf 81' lang='lat'>⁸)</span> <span class='ocrx_word' id='word_1_253' title='bbox 326 4025 357 4076; x_wconf 88' lang='lat' dir='ltr'>In</span> <span class='ocrx_word' id='word_1_254' title='bbox 376 4022 566 4089; x_wconf 85' lang='lat' dir='ltr'>Havercampii</span> <span class='ocrx_word' id='word_1_255' title='bbox 584 4021 701 4074; x_wconf 88' lang='lat' dir='ltr'>editione</span> <span class='ocrx_word' id='word_1_256' title='bbox 721 4021 861 4076; x_wconf 86' lang='lat' dir='ltr'>Censorini</span> <span class='ocrx_word' id='word_1_257' title='bbox 878 4041 905 4092; x_wconf 83' lang='lat' dir='ltr'>p.</span> <span class='ocrx_word' id='word_1_258' title='bbox 926 4026 984 4079; x_wconf 74' lang='lat' dir='ltr'>leo.</span> 
     </span>
    </p>
   </div>
   <div class='ocr_carea' id='block_1_4' title="bbox 183 4117 1316 4272">
    <p class='ocr_par' dir='ltr' id='par_1_6' title="bbox 183 4117 1316 4272">
     <span class='ocr_line' id='line_1_34' title="bbox 286 4117 1316 4188; baseline 0.003 -17"><span class='ocrx_word' id='word_1_259' title='bbox 286 4119 308 4182; x_wconf 82' lang='lat'>⁴)</span> <span class='ocrx_word' id='word_1_260' title='bbox 327 4118 475 4171; x_wconf 88' lang='lat' dir='ltr'>Metrornm</span> <span class='ocrx_word' id='word_1_261' title='bbox 499 4117 727 4170; x_wconf 87' lang='lat' dir='ltr'>enumerationem</span> <span class='ocrx_word' id='word_1_262' title='bbox 754 4117 801 4170; x_wconf 89' lang='lat' dir='ltr'>sed</span> <span class='ocrx_word' id='word_1_263' title='bbox 826 4133 914 4187; x_wconf 87' lang='lat' dir='ltr'>neque</span> <span class='ocrx_word' id='word_1_264' title='bbox 938 4120 1045 4188; x_wconf 89' lang='lat' dir='ltr'>plenam</span> <span class='ocrx_word' id='word_1_265' title='bbox 1069 4135 1157 4188; x_wconf 87' lang='lat' dir='ltr'>noque</span> <span class='ocrx_word' id='word_1_266' title='bbox 1185 4120 1316 4188; x_wconf 78' lang='lat' dir='ltr'>integram</span> 
     </span>
     <span class='ocr_line' id='line_1_35' title="bbox 183 4201 778 4272; baseline 0 -16"><span class='ocrx_word' id='word_1_267' title='bbox 183 4201 257 4256; x_wconf 85' lang='lat' dir='ltr'>dedit</span> <span class='ocrx_word' id='word_1_268' title='bbox 275 4203 444 4268; x_wconf 85' lang='lat' dir='ltr'>Welcker,</span> <span class='ocrx_word' id='word_1_269' title='bbox 463 4203 576 4256; x_wconf 86' lang='lat' dir='ltr'>Alcman</span> <span class='ocrx_word' id='word_1_270' title='bbox 594 4221 620 4272; x_wconf 88' lang='lat' dir='ltr'>p.</span> <span class='ocrx_word' id='word_1_271' title='bbox 641 4202 672 4254; x_wconf 82' lang='lat'>12</span> <span class='ocrx_word' id='word_1_272' title='bbox 692 4209 718 4256; x_wconf 88' lang='lat' dir='ltr'>et</span> <span class='ocrx_word' id='word_1_273' title='bbox 738 4203 778 4256; x_wconf 84' lang='lat'>13.</span> 
     </span>
    </p>
   </div>
   <div class='ocr_carea' id='block_1_5' title="bbox 288 4297 1288 4370">
    <p class='ocr_par' dir='ltr' id='par_1_7' title="bbox 288 4297 1288 4370">
     <span class='ocr_line' id='line_1_36' title="bbox 288 4297 1288 4370; baseline 0.002 -18"><span class='ocrx_word' id='word_1_274' title='bbox 288 4299 307 4370; x_wconf 80' lang='lat'>⁵)</span> <span class='ocrx_word' id='word_1_275' title='bbox 327 4297 496 4352; x_wconf 83' lang='lat' dir='ltr'>Alemanium</span> <span class='ocrx_word' id='word_1_276' title='bbox 516 4313 575 4352; x_wconf 88' lang='lat' dir='ltr'>eum</span> <span class='ocrx_word' id='word_1_277' title='bbox 594 4303 673 4352; x_wconf 87' lang='lat' dir='ltr'>vocat</span> <span class='ocrx_word' id='word_1_278' title='bbox 691 4298 807 4365; x_wconf 69' lang='lat' dir='ltr'>Servius</span> <span class='ocrx_word' id='word_1_279' title='bbox 827 4299 940 4355; x_wconf 82' lang='lat' dir='ltr'>Certim.</span> <span class='ocrx_word' id='word_1_280' title='bbox 957 4316 985 4369; x_wconf 91' lang='lat' dir='ltr'>p.</span> <span class='ocrx_word' id='word_1_281' title='bbox 1005 4302 1070 4354; x_wconf 77' lang='lat'>1819</span> <span class='ocrx_word' id='word_1_282' title='bbox 1090 4300 1132 4354; x_wconf 88' lang='lat' dir='ltr'>ed.</span> <span class='ocrx_word' id='word_1_283' title='bbox 1151 4300 1288 4355; x_wconf 87' lang='lat' dir='ltr'>Putsch.</span> 
     </span>
    </p>
   </div>
   <div class='ocr_carea' id='block_1_6' title="bbox 0 0 1509 4824">
    <p class='ocr_par' dir='ltr' id='par_1_8' title="bbox 0 0 1509 4824">
     <span class='ocr_line' id='line_1_37' title="bbox 0 0 1509 4824; baseline 0 0"><span class='ocrx_word' id='word_1_284' title='bbox 0 0 1509 4824; x_wconf 95' lang='lat' dir='ltr'> </span> 
     </span>
    </p>
   </div>
  </div>
 </body>
</html>
