2990 4824
721 271 760 328 42

639 355 845 364 m

175 467 361 560 xoppyc'cst)
385 472 473 555 quod
494 472 537 538 ad
564 495 592 538 u.
619 478 657 538 10
686 474 887 555 adscriptum
915 477 979 552 est,
1010 469 1177 554 probatur.
1209 468 1248 532 V.
1276 473 1312 532 15

176 585 259 650 alius
281 606 438 669 personae
467 590 531 665 est,
561 585 699 651 fortasse
722 586 857 668 virginis
880 590 977 649 antea
1000 581 1197 661 celebratae,
1232 603 1314 664 quae

175 697 293 766 nimias
315 697 430 762 laudes
452 705 569 781 poetae
596 699 804 780 interrumpit
833 704 865 762 et
893 695 1040 762 versibus
1071 699 1208 758 16-25
1233 696 1316 778 Age-

176 808 322 872 sichorac
344 808 622 892 pulchritudinem
643 811 822 892 praedicat.
852 810 974 874 Versus
997 800 1172 893 26429,2)
1197 805 1315 890 quibus

177 919 261 984 duae
277 913 417 1002 virgines
441 928 538 986 antea
561 924 747 986 nominatae
771 922 865 986 simul
888 919 1065 986 laudantur
1088 924 1123 983 et
1143 923 1234 983 astro
1257 939 1316 1002 per

176 1037 305 1098 noctem
328 1032 452 1116 fulgido
477 1039 721 1116 comparantur,
751 1057 770 1098 a
801 1039 870 1098 toto
902 1033 998 1097 choro
1029 1031 1133 1095 dictos
1162 1051 1247 1109 esse,
1277 1051 1317 1094 ex

176 1165 309 1208 numero
332 1145 452 1228 plurali
475 1144 553 1226 ἁμῖν
575 1147 615 1229 (v.
634 1147 689 1233 26)
707 1153 739 1211 et
755 1141 935 1224 εἰκάζουσιν
951 1145 998 1232 (in
1015 1144 1135 1208 scholio
1153 1142 1266 1208 addito
1282 1144 1317 1206 in

176 1256 238 1321 fine
255 1257 423 1322 columnae
439 1257 496 1344 ΙΙ.)
514 1259 772 1324 concludendum
788 1264 846 1324 est.
868 1259 915 1322 De
932 1256 1142 1338 sequentibus
1161 1255 1316 1338 strophis,

176 1390 275 1450 quum
298 1369 394 1434 nimis
418 1371 587 1436 mutilatae
617 1372 697 1450 sint,
726 1371 806 1435 nihil
835 1372 916 1434 certi
945 1369 1014 1433 erui
1041 1372 1159 1450 potest.
1193 1365 1256 1430 Sed
1279 1370 1318 1428 ut

176 1480 219 1544 ad
240 1481 442 1563 propositum
465 1483 612 1562 redeam,
641 1483 674 1547 id
698 1505 824 1566 quoque
848 1503 886 1547 ex
908 1483 963 1562 iis,
994 1501 1076 1562 quae
1100 1479 1224 1542 dehoc
1247 1500 1319 1543 car·

176 1594 263 1656 mine
286 1593 370 1669 dixi,
402 1595 656 1659 concludendum
680 1601 743 1675 est,
773 1596 960 1659 Alcmanem
988 1593 1069 1656 mori
1098 1591 1318 1656 Lacedaemo-

177 1707 322 1786 nicrum,
352 1707 459 1770 omnia
482 1709 609 1772 cantica
631 1729 689 1790 per
713 1708 827 1773 choros
852 1727 961 1789 agere,
991 1706 1090 1770 etiam
1116 1706 1150 1768 in
1176 1705 1217 1768 iis
1246 1723 1319 1768 car-

176 1818 298 1882 minum
328 1817 492 1901 partibor,
523 1818 639 1900 quibus
666 1825 857 1902 argumento
888 1825 920 1884 et
949 1819 1116 1883 sententiis
1144 1816 1319 1881 Lesbiaco-

177 1951 250 1994 rum
274 1933 444 2011 poetarum
468 1932 558 2013 poesi
580 1934 782 2015 propinquus
806 1937 872 2022 est,
896 1931 1077 1996 indulsisse.

263 2040 387 2105 Eadem
416 2049 534 2107 natura
562 2045 724 2108 Laconica
752 2042 976 2108 occasionibus
1006 2043 1186 2108 carminum
1210 2047 1243 2105 et
1266 2063 1319 2105 ar-

178 2158 330 2235 gumento
347 2155 587 2236 comprobatur.
610 2157 656 2220 Ut
673 2159 775 2221 omnis
791 2158 877 2220 vitae
893 2157 978 2220 ratio
995 2159 1028 2219 et
1050 2153 1213 2218 institutio
1230 2153 1319 2236 apud

178 2270 290 2346 gentes
320 2264 455 2328 Doricas
487 2272 520 2330 et
549 2268 707 2349 imprimis
738 2268 826 2350 apud
859 2268 1037 2350 Spartanos
1068 2267 1101 2330 in
1129 2264 1260 2348 publico
1286 2271 1319 2330 et

177 2376 248 2440 foro
270 2375 476 2457 versabatur,
502 2399 598 2460 quum
623 2379 690 2442 vita
712 2381 841 2462 privata
864 2385 897 2442 et
920 2379 1096 2444 domestica
1119 2399 1177 2461 pro
1194 2378 1320 2443 viribus

179 2488 430 2570 opprimeretur,
454 2491 501 2554 ita
523 2492 613 2573 poesi
636 2492 770 2574 lyricae,
794 2491 828 2555 id
849 2491 934 2574 quod
954 2493 1018 2554 iam
1035 2495 1211 2574 apparatus
1228 2490 1320 2555 chori

177 2599 382 2681 postulabat,
407 2623 426 2664 a
448 2601 545 2667 rebus
569 2608 601 2667 et
623 2603 720 2667 factis
743 2602 896 2685 publiciS,
926 2624 1009 2684 quae
1037 2603 1078 2667 ad
1107 2623 1218 2667 omnes
1247 2623 1319 2684 per—

178 2710 341 2790 tinebant,
371 2720 563 2794 argumeuta
587 2717 682 2778 erant
703 2713 924 2800 repetenda.³)
955 2715 1053 2778 Sacra
1077 2714 1224 2790 deorum,
1251 2733 1321 2777 cer-

177 2823 302 2887 tamina
330 2824 482 2888 iuvenum
511 2827 750 2908 virginumque,
781 2827 911 2908 epulae,
941 2827 1129 2908 nuptiarum
1160 2825 1322 2889 solemnia

181 2934 378 3000 carminibus
402 2943 572 3018 poetarum
596 2936 863 3017 celebrabantu1·;
887 2938 952 3002 alia
975 2939 1081 3020 poesis
1103 2938 1217 3020 lyrica,
1234 2957 1321 3018 quae

178 3068 230 3110 res
254 3047 399 3130 privatas
423 3053 457 3112 et
480 3048 674 3114 domesticas
696 3051 916 3132 praedicaret,
943 3050 1079 3132 Spartae
1104 3071 1167 3114 non
1191 3048 1322 3114 coleba-

178 3163 242 3223 tur.
276 3159 379 3236 Quam
414 3160 453 3225 ob
485 3184 553 3226 rem
583 3163 746 3226 Alcmanis
776 3183 904 3244 quoque
935 3161 1130 3248 carmina,⁴)
1159 3166 1321 3244 quantum

179 3291 289 3335 eorum
313 3273 399 3337 ratio
423 3279 455 3337 et
478 3280 597 3338 natura
620 3295 659 3337 ex
682 3275 871 3356 fragmentis
895 3275 1044 3357 cognosci
1067 3277 1192 3357 potest,
1222 3295 1241 3336 a
1269 3295 1323 3337 re-

168 3381 239 3447 ·bus
260 3384 401 3467 publicis
422 3385 589 3450 exordium
607 3387 748 3469 capiunt.
774 3387 895 3468 Magna
909 3407 985 3469 pars
1002 3387 1110 3468 generi
1125 3385 1322 3468 hymnorum

177 3495 351 3561 tribuenda
381 3504 443 3578 est,
473 3519 611 3581 quorum
640 3499 778 3563 maxime
811 3496 965 3562 celebrati
994 3499 1042 3564 illi
1069 3501 1102 3564 in
1125 3500 1237 3565 Iovem*
1256 3497 1322 3581 Ly-

271 3723 289 3790 ¹)
309 3721 342 3776 de
360 3723 491 3778 vocabulo
509 3723 631 3802 χορηγός
660 3722 709 3775 cf.
728 3722 828 3776 Athen.
847 3723 918 3776 XIV.
938 3724 1030 3778 633A.

266 3825 288 3887 ²)
307 3840 362 3877 non
380 3831 410 3877 ut
427 3827 602 3895 Bergkius
620 3827 654 3880 ad
673 3827 745 3879 huuc
763 3826 850 3878 locum
863 3825 992 3892 affirmat,
1004 3827 1062 3880 VV.
1076 3828 1192 3890 22-29,
1206 3827 1233 3880 id
1246 3829 1321 3896 quod

179 3911 381 3964 demonstratur
404 3911 517 3978 lineola,
542 3930 609 3981 quoe
635 3915 662 3966 iu
688 3913 870 3980 manuscripto
888 3913 959 3966 inter
976 3914 1034 3968 VV.
1051 3916 1085 3968 25
1103 3919 1129 3967 et
1147 3915 1180 3968 26
1198 3915 1321 3998 interpo-

182 3997 234 4050 sita
252 4000 302 4050 est.

270 4099 289 4166 ³)
309 4100 357 4154 cfr.
376 4100 538 4166 Mueller,
555 4102 643 4154 Dorer
661 4103 695 4155 Il.
713 4119 738 4170 p.
759 4100 817 4154 363.
845 4101 958 4155 Ulrici
975 4103 1010 4158 11.
1027 4121 1053 4171 p.
1073 4105 1115 4158 68.

266 4203 287 4271 4)
306 4181 359 4256 sex
377 4204 460 4258 libros
479 4205 553 4261 Suid.
573 4221 591 4258 s.
611 4223 636 4258 v.
656 4210 856 4272 commemorat3
882 4205 915 4258 de
935 4220 979 4273 eo,
999 4208 1070 4274 quod
1088 4206 1178 4262 addit:
1197 4207 1243 4266 καὶ
1263 4206 1321 4266 Κη-

180 4288 331 4366 λυμβώσας
350 4293 396 4349 cfr.
415 4292 555 4359 Meineke,
576 4293 730 4360 Fragment,
750 4291 871 4345 cornicor.
892 4291 1021 4348 Graecor,
1033 4293 1054 4347 1.
1075 4312 1101 4363 p.
1120 4294 1177 4347 101.
