2990 4824
717 307 755 366 41

635 391 842 401 -ι--η-

168 529 209 574 cx
231 507 432 592 mythologie
454 507 558 574 Ulixis
581 510 720 592 petitum
742 517 806 592 est,
820 511 843 597 ¹)
860 533 880 575 a
895 512 994 577 choro
1010 513 1170 596 virglnum
1194 517 1306 578 canta-

167 625 240 686 tum
263 641 354 700 esse,
378 620 502 688 Schol.
525 621 621 688 Hom.
646 621 706 686 Od.
730 619 749 700 ζ
772 627 835 686 244
855 618 1108 706 dicitz’Alapdv
1123 622 1306 712 παρθένους

167 725 324 816 λεγούσας
340 725 484 816 sigerio.
504 733 672 799 Sententia
682 734 766 799 idem
779 734 1023 801 demonstratur
1034 736 1094 819 frg.
1109 741 1167 816 253
1184 741 1241 815 263
1255 741 1305 800 66.

257 844 351 922 Quod
374 846 401 909 si
424 851 567 925 constat,
594 851 632 911 ut
654 867 674 910 a
696 848 794 911 choro
817 847 945 930 publice
967 848 1205 931 proferrentur,
1233 849 1308 913 Alc·

168 956 275 1022 manis
299 957 444 1020 carmina
467 960 649 1040 composita
671 979 757 1040 esse,
781 966 926 1024 attamen
948 961 1010 1024 hoc
1033 981 1132 1024 unum
1155 981 1220 1025 non
1242 959 1308 1024 suf-

167 1067 240 1134 ficit
261 1067 304 1133 ad
325 1067 526 1151 probandum
555 1090 732 1153 cognomen
761 1072 913 1136 Laconici
941 1077 1075 1155 poetae3
1104 1091 1179 1136 nam
1208 1073 1306 1136 etiam

168 1180 258 1264 apud
281 1187 406 1246 ceteras
428 1182 577 1246 nationes
600 1188 753 1265 poemata
776 1183 905 1248 chorioa
926 1183 1019 1248 nobis
1035 1184 1219 1250 obveniunt.
1243 1183 1307 1248 Sed

169 1315 208 1360 co
230 1295 340 1376 potius
369 1296 404 1357 in
432 1315 493 1358 usu
521 1295 611 1358 chori
640 1295 777 1360 Alcman
808 1302 841 1360 et
867 1302 983 1379 poetae
1011 1295 1135 1361 Aeolici
1161 1297 1246 1360 inter
1272 1315 1307 1358 se

169 1404 339 1485 differunt,
363 1405 463 1487 quod,
488 1426 587 1487 quum
602 1407 651 1471 illi
668 1428 707 1470 ea
723 1407 885 1486 carmina,
903 1407 1020 1490 quibus
1035 1408 1178 1490 ipsorum
1194 1425 1307 1470 sensus

170 1522 204 1580 st
226 1515 362 1580 affectus
385 1517 618 1599 exprimerent,
642 1540 700 1600 per
723 1519 866 1600 singulos
889 1518 1063 1599 referrent,
1088 1517 1236 1598 Alcman,
1266 1516 1308 1581 ad

169 1627 500 1692 Lacedaemoniorum
517 1629 658 1694 indolem
676 1635 709 1694 et
724 1651 847 1694 morem
867 1651 900 1694 se
920 1630 1184 1708 accommodans,
1208 1631 1308 1696 etiam

170 1739 248 1804 talis
271 1742 455 1822 argumenti
477 1742 675 1806 carminibus
699 1742 831 1807 chorum
861 1741 1048 1806 adhibebat.
1081 1742 1173 1820 Quod
1201 1743 1229 1806 si
1257 1742 1308 1806 cui

170 1851 289 1916 mirum
312 1858 345 1916 et
367 1873 485 1916 novum
508 1855 613 1936 primo
637 1852 794 1937 adspectu
817 1853 961 1932 videtur,
990 1855 1079 1937 legat
1107 1854 1196 1934 illos,
1227 1874 1308 1936 quos

170 1983 269 2046 supra
291 1965 579 2048 communicavi,²)
602 1987 713 2029 versus
734 1964 846 2048 hymni
867 1967 901 2029 in
924 1966 1116 2045 Dioscuros3
1137 1964 1309 2048 exquibus

170 2095 287 2157 quum,
311 2097 376 2158 qua
403 2077 531 2140 ratione
558 2079 592 2140 in
623 2077 809 2141 huiusmodi
832 2076 1028 2141 carminibus
1051 2077 1188 2141 Alcman
1211 2076 1308 2141 choro

170 2207 248 2254 usus
271 2190 327 2269 sit,
351 2191 472 2271 optime
494 2190 715 2270 intelligatur,
736 2210 843 2272 pauca
859 2188 899 2253 de
919 2190 958 2252 iis
975 2187 1140 2274 addam.³)
1164 2189 1310 2271 Apparet

124 2368 127 2374 .
170 2303 255 2369 enim
280 2321 319 2366 ex
342 2302 489 2384 reliquiis
511 2301 607 2365 huius
630 2301 758 2383 hymni,
790 2321 854 2365 non
886 2321 1013 2384 semper
1042 2307 1148 2365 totum
1176 2300 1308 2364 chorum

170 2416 205 2479 in
227 2413 405 2480 referendis
429 2411 626 2478 carminibus
650 2416 769 2495 egisse,
800 2413 857 2478 sed
880 2415 914 2477 in
934 2415 976 2476 iis
999 2413 1161 2496 partibus,
1192 2411 1310 2494 quibus

171 2530 273 2608 poeta
294 2527 396 2610 ipsius
418 2526 518 2590 animi
541 2545 652 2590 sensus
676 2525 839 2603 edicebat,
871 2546 1036 2590 sermones
1058 2526 1202 2590 alternos
1224 2525 1311 2590 inter

171 2641 303 2721 poetam
326 2637 415 2702 chori
439 2637 554 2702 ducem
583 2642 616 2701 et
645 2637 790 2719 singulas
819 2638 908 2702 chori
932 2637 1072 2718 virgines
1100 2636 1228 2702 eodales
1254 2635 1311 2700 ad-

173 2749 289 2813 missos
307 2769 386 2813 esse.
405 2750 488 2814 Nam
504 2756 678 2833 postquam
697 2750 810 2833 primis
827 2750 970 2833 strophis
987 2755 1074 2814 certe
1092 2769 1112 2813 a
1127 2754 1197 2813 toto
1213 2749 1311 2813 choro

173 2861 314 2926 cantatis
330 2861 530 2945 mythologie
547 2862 779 2926 Dioscurorum
796 2861 961 2944 descripta
980 2867 1085 2925 est-
1100 2881 1183 2944 quae
1201 2865 1311 2925 tamen

173 2994 250 3056 pars
279 2979 347 3038 tam
378 2974 512 3052 mutila,
544 2979 582 3037 ut
612 2980 742 3056 praeter
773 2973 904 3037 caedem
938 2972 1274 3056 Hippocoontidarum
1282 2971 1311 3058 ⁴)

174 3085 254 3150 nihil
277 3091 402 3149 certum
426 3085 610 3168 argumenti
633 3086 734 3149 statui
757 3085 860 3168 possit
884 3123 928 3134 -
957 3105 977 3148 a
999 3106 1095 3149 versu
1119 3090 1148 3152 2.
1171 3107 1246 3169 pag.
1270 3086 1311 3150 ΙΙ.

173 3196 284 3263 fabula
301 3197 420 3262 omissa
433 3219 491 3281 per
506 3197 689 3280 generalem
706 3197 900 3262 sententiam
914 3197 995 3284 (VV.
1010 3197 1120 3285 2-5)
1131 3199 1310 3263 orationem

173 3315 271 3392 poeta
305 3308 451 3374 traducit
487 3315 519 3374 et
554 3309 716 3372 convertit
742 3308 785 3372 ad
811 3310 900 3392 ipsas
931 3310 1020 3373 chori
1046 3309 1204 3392 virgines,
1233 3331 1312 3393 qua-

172 3443 243 3487 rum
268 3422 352 3486 duae
369 3420 474 3503 Agido
498 3426 531 3485 et
552 3419 765 3503 Agesichora,
788 3423 937 3485 maximis
958 3420 1112 3485 laudibus
1134 3421 1313 3488 efferuntur

174 3532 256 3620 (VV.
281 3533 414 3619 5-29).
436 3533 561 3598 Primos
583 3553 695 3598 versus
717 3534 853 3619 (2-14)
876 3533 999 3616 Agidus
1017 3533 1149 3598 laudem
1172 3533 1312 3600 serentes

171 3667 193 3712 a
220 3649 321 3731 poeta
350 3646 421 3728 ipso
451 3651 600 3710 cantatos
631 3666 700 3710 esse
729 3667 768 3710 ex
796 3651 987 3730 argumento
1017 3651 1050 3710 et
1078 3646 1200 3726 verbis,
1230 3667 1312 3729 quae

173 3759 236 3824 toti
259 3757 357 3822 choro
380 3763 460 3842 apta
487 3779 553 3824 non
583 3763 705 3838 essent,
737 3759 896 3823 coniicere
923 3758 1017 3838 licet3
1047 3757 1134 3822 idem
1156 3757 1312 3823 vocabulo

223 3927 267 3934 -n

261 4027 282 4086 ¹)
302 4025 354 4094 frg.
372 4026 424 4079 28-
441 4026 482 4080 32.
512 4025 560 4079 cfr.
578 4023 705 4091 Bergk,
725 4024 812 4078 Philo]
842 4025 913 4080 XVI.
931 4042 959 4093 p.
977 4024 1029 4078 590
1047 4041 1078 4094 sq

262 4131 284 4192 ²)
305 4129 352 4182 cfr.
371 4147 397 4198 p.
416 4129 446 4182 31
468 4145 508 4198 sq.

263 4233 284 4294 'l
305 4233 354 4286 cfr.
371 4232 512 4302 Bergkii
530 4233 749 4287 commentarium
767 4231 802 4286 ad
819 4232 870 4287 hos
889 4246 982 4286 versus
1001 4250 1019 4302 p
1045 4233 1097 4286 832
1110 4247 1149 4300 sq.

261 4335 283 4398 ⁴)
303 4335 462 4390 coronal.
483 4336 574 4390 1-12.
