2990 4824
727 1103 788 1188 ΙΙ.
956 1123 960 1132 ·

458 1273 523 1347 DE
551 1273 743 1349 Murrus
774 1272 1057 1350 ALOMANIS.

280 1443 341 1519 Qui
364 1444 502 1507 strictim
526 1448 655 1508 tautum
678 1450 710 1508 et
733 1442 826 1524 quasi
848 1443 882 1504 in
900 1443 1039 1506 transitu
1055 1441 1238 1524 fragmenta
1255 1443 1327 1506 Alc-

192 1555 295 1618 manis
316 1554 527 1636 percurrerit,
545 1576 614 1618 eum
633 1554 743 1636 lugere
761 1575 825 1617 non
844 1559 953 1636 potest
970 1575 1088 1636 magna
1104 1553 1328 1635 rhythmorum

195 1671 436 1746 metrorumque
461 1666 554 1748 copia
577 1671 609 1729 et
626 1666 781 1744 varietaS,
810 1687 874 1748 qua
897 1687 990 1730 nemo
1008 1665 1075 1728 fere
1099 1665 1196 1728 etiam
1220 1672 1328 1748 poste-

193 1778 315 1848 riorum
338 1782 508 1859 poetarum
532 1798 604 1840 eum
628 1778 802 1859 superavit.
833 1777 965 1839 Nullum
994 1776 1061 1840 fere
1090 1797 1190 1858 genus
1217 1777 1329 1858 rhyth-

192 1889 310 1951 micum
331 1890 364 1951 in
387 1889 454 1951 eius
478 1888 672 1952 carminibus
689 1910 754 1952 non
772 1888 965 1967 invenimus,
984 1909 1066 1968 quae
1085 1909 1136 1950 res
1154 1908 1190 1950 eo
1206 1888 1329 1950 maiore

192 2022 250 2064 nos
268 2001 482 2064 admiratione
501 1999 631 2064 afficere
650 2000 754 2080 dehet,
774 2021 873 2082 quum
892 2001 947 2081 qui
965 2000 995 2062 ei
1007 1998 1202 2063 antecedunt
1213 2004 1329 2081 poetae

192 2133 300 2175 omnes
323 2133 421 2175 unam
444 2118 571 2176 tantum
591 2113 641 2176 vel
661 2113 797 2176 alteram
815 2117 992 2176 metrorum
1013 2115 1046 2173 et
1066 2112 1245 2174 carminum
1265 2110 1330 2175 for-

119 2221 123 2233 ’
191 2245 277 2287 mam
292 2223 460 2287 coluerint.
480 2225 703 2307 Terpandrum
722 2225 839 2288 scimus
853 2245 948 2286 versu
963 2223 1092 2286 heroico
1110 2215 1202 2287 usum
1219 2223 1328 2302 fuisse,

194 2339 226 2397 et
249 2335 276 2397 si
300 2355 338 2397 ex
357 2356 525 2418 nemorum
543 2336 674 2399 traditis
693 2334 875 2399 nominibus
893 2335 1044 2416 colligere
1065 2335 1156 2414 licet,
1175 2334 1328 2398 trochaeo

194 2452 339 2509 semanto
368 2452 400 2509 et
434 2447 551 2511 orthio.
564 2445 589 2532 1)
630 2446 798 2526 ThaletaS,
827 2467 922 2528 quem
950 2447 1051 2510 secuti
1079 2452 1153 2509 sunt
1180 2444 1329 2509 Xenoda-

192 2579 263 2620 mus
294 2562 326 2620 et
354 2557 562 2638 Xenocritus,
593 2558 854 2640 hyporchematis
890 2558 1072 2622 excolendis
1104 2559 1240 2640 gloriam
1269 2557 1329 2621 sibi

192 2671 333 2752 paravit,
363 2671 396 2732 in
420 2692 483 2752 quo
507 2671 684 2733 carminum
714 2691 829 2752 genere
857 2669 1043 2751 rhythmum
1071 2671 1223 2733 creticum
1256 2690 1328 2733 eum

192 2780 378 2844 adhibuisse
401 2787 651 2846 consentaneum
679 2788 738 2848 est,
767 2783 920 2845 Fortasse
952 2781 1088 2863 dactylis
1117 2803 1243 2864 quoque
1271 2780 1328 2863 hy·

192 2892 440 2976 porohematiois
468 2913 545 2956 usus
575 2897 638 2971 est,
667 2893 743 2975 quia
768 2893 939 2975 Olympum
966 2894 1140 2975 Phrygem,
1170 2894 1260 2956 cuius
1290 2914 1330 2955 ex

192 3010 263 3068 arte
292 3003 433 3067 auletica
462 3003 679 3068 Stesichorum
703 3005 832 3085 quidem
855 3004 1016 3088 dactylica
1039 3011 1216 3086 systemata
1238 3026 1330 3087 repe·

196 3117 306 3179 tivisse
332 3117 510 3200 constat,²)
531 3137 603 3180 eum
620 3116 783 3180 imitatum
801 3137 870 3180 esse
888 3117 1083 3180 Plutarchus
1102 3122 1217 3180 auctor
1234 3120 1293 3181 est.
1301 3115 1328 3198 ³)

194 3228 278 3291 Dum
302 3229 381 3292 haec
402 3234 477 3292 sunt
494 3234 599 3292 metra
614 3229 647 3291 in
665 3228 800 3292 canticis
819 3249 913 3292 sacra
933 3227 1065 3292 deorum
1087 3226 1329 3292 illustrantibus

194 3343 330 3420 usitata,
360 3341 497 3404 alteram
529 3347 656 3422 partem
682 3341 841 3422 poematis
870 3341 976 3422 lyrici,
1009 3362 1073 3422 qua
1101 3361 1178 3422 gens
1212 3339 1331 3403 Dorica

193 3451 433 3532 delectabatur,
455 3452 650 3534 hymenaeos
673 3458 706 3515 et
729 3452 952 3534 epithalamia,
981 3473 1064 3534 quae
1088 3456 1246 3533 quantum
1270 3450 1330 3514 soi-

193 3587 280 3644 mus‚
311 3564 451 3629 artificio
480 3569 512 3628 et
540 3564 668 3646 ingenio
697 3570 867 3647 poetarum
894 3563 1038 3627 nondum
1066 3563 1194 3626 exculta
1223 3581 1327 3642 neque

192 3677 296 3759 polita
319 3682 426 3757 erant,
455 3676 567 3740 metris
585 3674 718 3740 'levibus
742 3677 828 3741 omni
851 3676 921 3758 lege
944 3676 1057 3740 solutis
1080 3673 1253 3738 verisimile
1277 3679 1329 3736 est

194 3788 326 3853 condita
349 3809 427 3852 esse.
459 3789 605 3866 Quantus
629 3766 678 3852 est
701 3788 743 3854 ab
764 3789 826 3852 hac
850 3787 1059 3871 simplicitate
1081 3785 1265 3868 rhythmica
1287 3783 1330 3848 ad

194 3903 320 3984 copiam
343 3899 506 3965 Alcmanis
530 3907 562 3965 et
584 3901 775 3965 varietatem
804 3899 1009 3984 progressus!
1038 3900 1193 3961 Attamen
1220 3897 1331 3960 inven-

305 4121 320 4184 ')
340 4119 389 4172 cfr.
407 4116 494 4170 Poll.
512 4117 558 4171 IV.
576 4118 617 4170 65.

301 4215 321 4279 ²)
341 4214 390 4266 cfr.
409 4211 496 4264 Plut.
516 4211 549 4264 de
568 4225 633 4263 mus.
652 4226 675 4265 c.
693 4211 717 4264 7.
735 4227 761 4277 pi
782 4213 806 4275 7,
824 4209 849 4263 8.

299 4310 318 4379 ³)
338 4306 384 4361 cfr.
402 4305 465 4361 ibid.
485 4323 511 4374 p.
530 4310 553 4371 7,
576 4309 616 4358 10.
