2990 4824
651 263 858 354 ,ΔΡ-,ἠ

188 485 250 546 que
274 463 373 528 ctiam
395 462 523 545 puellae
545 461 723 545 participes
746 461 886 549 erant,¹)
914 461 949 526 id
971 460 1103 544 agebat,
1132 467 1170 525 ut
1191 462 1328 527 invenes

188 575 391 657 virginesque
415 573 544 638 chorico
567 574 678 638 cantui
697 595 735 639 ac
756 575 923 640 saltationi
939 575 1008 658 apti
1023 579 1056 638 ot
1070 572 1179 638 idonei
1195 577 1327 654 essent3

189 693 222 758 et
244 707 308 768 quo
331 685 540 768 perfectionis
566 686 600 748 in
629 685 736 750 choris
763 686 896 768 agendis
923 687 1145 769 pervenerint,
1172 684 1330 750 laudibus

188 803 332 864 ueterum
361 797 556 880 scriptorum
586 798 667 862 satis
695 798 886 863 ostenditur.
897 799 923 882 8)
952 797 1037 862 Huic
1058 798 1141 862 mori
1162 796 1329 862 Lacedae-

187 909 369 978 moniorum
393 909 529 977 Alcman
552 909 723 992 indulgens
748 912 892 974 carmina
914 909 1072 990 condidit,
1093 929 1157 974 non
1174 911 1211 972 ut
1226 931 1246 973 a
1261 909 1330 972 sin-

192 1020 290 1102 gulis,
315 1021 372 1084 sed
394 1026 431 1084 ut
453 1041 473 1084 a
496 1021 594 1086 choro
619 1027 820 1086 canerentur.
851 1022 920 1087 lam
949 1041 1048 1105 supra
1076 1021 1106 1086 ei
1134 1041 1229 1086 usum
1257 1019 1330 1085 lou-

164 1156 167 1162 s
189 1114 303 1215 garum
325 1132 547 1216 stropharum,
571 1133 684 1215 quales
713 1133 852 1198 choricis
880 1139 1008 1198 tantum
1034 1131 1241 1216 poematibus
1269 1131 1330 1197 ad-

189 1243 397 1325 hibebantur,
421 1245 702 1332 vindicavimus.³)
735 1247 824 1323 Quae
849 1248 976 1311 cantica
1006 1245 1033 1310 si
1061 1245 1166 1310 forma
1194 1245 1330 1310 demon-

189 1360 314 1420 stratur
341 1377 361 1420 a
389 1357 495 1420 choris
525 1362 599 1421 acta
628 1378 712 1437 esse,
741 1359 775 1421 in
805 1359 923 1423 ceteris
950 1357 1156 1439 fragmentis,
1185 1377 1329 1440 quorum

191 1467 344 1551 strophae
366 1467 532 1532 breviores
554 1474 587 1533 ct
610 1469 749 1534 Aeolicis
773 1471 894 1534 similes
918 1475 1008 1549 sunt,
1038 1469 1104 1533 alia
1126 1474 1258 1533 exstant
1278 1467 1330 1533 in-

190 1578 291 1659 dicia,
321 1599 404 1661 quas
433 1578 520 1644 idem
541 1579 713 1645 manifesto
737 1583 896 1646 evincunt.
928 1581 974 1646 Ut
996 1581 1152 1646 nonnulla
1173 1579 1327 1661 afferam,

189 1690 342 1774 hymnum
365 1692 398 1755 in
414 1692 522 1759 Iovem
538 1693 699 1776 Lycaeum
707 1695 733 1778 4)
750 1716 769 1758 a
785 1693 882 1758 choro
898 1694 1058 1776 virginum
1074 1694 1328 1777 pronunciatum

191 1825 274 1884 csse,
299 1803 361 1887 frg.
388 1809 451 1885 l,3
476 1813 666 1888 argumento
690 1812 758 1870 est:

452 1915 587 1999 νεοχμὸν
609 1910 687 2004 ἄρχε
709 1915 923 2004 copulante
945 1910 1059 1981 alciden.

276 2028 365 2092 Idem
388 2028 430 2093 ds
450 2027 569 2112 hymno
591 2030 626 2093 in
649 2029 824 2094 Dioscuros
834 2029 859 2116 ⁵)
884 2029 1055 2094 dicendum
1078 2034 1142 2122 est,
1168 2049 1270 2112 quum
1294 2034 1329 2093 et

190 2141 354 2205 sententia
377 2140 538 2206 choricam
562 2143 723 2206 actionem
744 2143 907 2224 requirat,
937 2146 971 2205 et
993 2141 1153 2221 scholion,
1181 2141 1270 2224 qnod
1293 2141 1329 2206 in

189 2251 253 2316 fine
277 2252 445 2317 columnae
468 2255 586 2316 tertiae
609 2253 779 2338 legiturzss)
803 2253 927 2340 χορ(ος)
952 2266 1007 2316 cte
1033 2275 1092 2334 μεν
1120 2275 1154 2316 εκ
1180 2256 1216 2316 ῖὰ
1241 2271 1329 2340 παρ-

189 2368 337 2444 θενων...,
368 2364 475 2448 planis
503 2363 609 2428 verbis
636 2363 723 2428 idem
753 2363 929 2428 confirmet.
959 2364 1099 2430 Definite
1126 2363 1243 2430 chorus
1270 2385 1329 2430 no·

191 2475 333 2540 minatur
356 2475 416 2558 frg.
440 2480 500 2539 45:
917 2562 918 2566 Ἰ

396 2588 494 2651 Μῶσ’
518 2579 577 2672 dyc
600 2583 789 2668 Καλλιόπα,
812 2583 958 2676 θυγάτηρ
981 2585 1080 2670 Διός,

397 2693 469 2788 ἄρχ’
494 2698 615 2788 ἐρατῶν
637 2699 755 2781 ἐπέων,
779 2698 835 2765 ἐπὶ
859 2701 887 2765 δ’
903 2700 1015 2788 ἵμερον

397 2807 487 2896 ὕμνῳ
508 2792 562 2876 nul
584 2811 735 2900 χαριέντα
756 2811 844 2878 τίθει
866 2808 991 2901 χορόν.

193 2925 273 2990 item
296 2925 356 3008 frg.
381 2929 439 2989 86:

277 3062 280 3067 ·
391 3031 487 3101 ςἈδοι
508 3035 591 3114 Διὸς
615 3031 705 3121 δόμῳ
793 3100 795 3106 .

399 3147 416 3213 d
439 3148 536 3237 χορὸς
559 3146 638 3232 ἐμὸς
660 3149 714 3215 καὶ
735 3149 801 3230 τοί,
829 3145 941 3230 Ράναξ.
1001 3190 1011 3206 ·

278 3263 353 3346 Frg.
379 3267 440 3326 98:
463 3259 564 3327 καλλὰ
585 3261 815 3344 μελισδομέναι
835 3284 874 3326 ex
894 3261 998 3327 forma
1013 3261 1177 3346 participii
1194 3261 1332 3328 chorum

192 3376 351 3458 virginum
382 3375 541 3439 coniicere
571 3376 657 3439 licet.
688 3374 825 3439 Carmen
854 3374 952 3455 illud,
984 3375 1074 3439 cuius
1101 3381 1331 3457 argumentum

193 3563 398 3571 ffl-

279 3689 301 3750 ι)
321 3687 370 3741 cfr.
388 3687 546 3752 Mueller,
565 3686 651 3738 Dorcr
669 3687 703 3738 ll.
721 3704 746 3754 p.
765 3686 816 3739 322
852 3687 983 3752 Mauso,
1002 3685 1099 3754 Sparta
1117 3685 1137 3738 I.
1155 3685 1180 3740 2.
1196 3702 1222 3754 p.
1244 3686 1303 3740 164.

278 3793 301 3856 ¹2)
321 3763 373 3849 cuj
389 3788 477 3842 sinc.
498 3790 549 3857 eg.
568 3790 618 3844 inc.
640 3790 689 3842 110
707 3790 885 3858 [Boeckhp
907 3791 986 3858 casp
1004 3807 1030 3858 p.
1049 3790 1090 3842 so.
1109 3794 1163 3842 not.
1182 3791 1205 3842 c.
1229 3789 1331 3844 Athen.

191 3879 264 3933 xiv.
281 3895 308 3946 p.
326 3876 378 3930 cas
396 3885 423 3930 et
442 3877 491 3930 cas
502 3877 536 3930 A.

161 4011 163 4018 ‹
280 3981 301 4047 ³)
322 3977 370 4034 cfr.
390 3994 472 4048 supra
489 3996 516 4048 p.
535 3979 576 4033 28.

278 4085 301 4149 ⁴)
322 4083 373 4152 frg.
394 4084 485 4137 1-11.
505 4113 536 4120 -
555 4081 589 4136 de
607 4086 692 4136 metro
710 4081 759 4136 cfr.
777 4096 860 4150 supra
877 4098 903 4149 p.
923 4081 965 4136 24.

280 4188 301 4252 ⁵)
320 4186 363 4255 frg
393 4186 502 4239 12-17.

281 4291 302 4356 ὃ)
321 4290 429 4358 Bergk
447 4308 473 4358 p.
494 4290 554 4368 829.
