2990 4824
614 300 818 392 A.--

148 523 261 568 cacum
273 505 297 586 1)
329 508 362 568 et
389 504 423 568 in
451 501 671 588 Dioscuros.²)
702 502 844 566 Exstant
870 499 969 565 etiam
992 498 1175 581 fragmenta
1195 496 1285 578 hym-

148 637 263 681 norum
285 617 319 680 iu
342 616 497 680 Iunonem
521 615 596 702 (srg.
623 614 692 700 18),
715 615 749 678 in
774 613 954 696 Apollinem
979 611 1053 694 (frg.
1073 611 1142 692 19),
1170 609 1204 673 in
1227 610 1287 674 Ar-

147 729 250 792 temin
275 728 448 814 (ro-22),
471 729 505 791 in
528 728 731 811 Aphroditen
753 726 834 812 (23),
857 723 1007 803 Paeanis,
1032 723 1088 806 qui
1110 721 1153 786 ad
1175 721 1287 804 epulas

149 839 342 920 canebatur,
367 839 548 922 exemplum
572 844 622 904 est
644 839 705 922 lrg.
730 844 781 904 24.

236 952 400 1028 Quantum
425 951 675 1034 hymenaeorum
699 957 732 1015 et
754 949 1038 1033 epithalamiorum
1059 966 1227 1011 numerum
1243 944 1288 1008 le-

149 1063 246 1144 cerit,
269 1070 460 1144 argumento
485 1069 534 1127 est
556 1063 638 1127 illud
661 1061 823 1126 Leonidae
847 1059 1099 1145 epigramma:⁸)

308 1175 371 1240 Τὸν
393 1173 531 1262 χαρίεντ’
551 1170 728 1256 Ἀλκμᾶνα,
750 1173 806 1238 τὸν
830 1172 981 1259 ὑμνρτῆρ
1005 1167 1163 1253 ὑμεναίων

305 1281 427 1367 κύκνον,
450 1285 505 1352 τὸν
528 1290 672 1351 Μουσῶν
691 1280 772 1366 ’ὂίξια
794 1283 1014 1372 μελψάμενον.

238 1400 489 1464 Annumeranda
514 1400 554 1463 iis
585 1400 736 1464 videntur
762 1399 823 1481 frg.
849 1404 889 1462 74
918 1403 950 1462 et
980 1400 1066 1481 60.⁴)
1094 1399 1207 1479 Neque
1230 1397 1289 1460 rni-

148 1535 210 1578 uus
234 1511 389 1576 Thaletae
412 1512 525 1595 poesin
548 1516 678 1575 secutus
706 1511 959 1594 hyporchemata
988 1511 1182 1593 composuit,
1212 1510 1289 1590 quia

148 1625 211 1690 hoc
240 1625 419 1690 carminum
448 1645 548 1706 genus
576 1624 687 1706 paullo
711 1628 787 1687 ante
811 1644 831 1686 a
854 1623 991 1687 Thaleta
1014 1622 1178 1687 excultum
1200 1627 1234 1684 et
1256 1621 1290 1683 in

149 1738 406 1821 Peloponnesum
429 1737 597 1800 inductum
606 1736 631 1819 ⁵)
656 1736 793 1818 Spartae
816 1736 956 1799 multum
979 1735 1155 1799 colebatur.
1164 1733 1189 1817 6)
1214 1733 1288 1814 Frg.

151 1855 192 1913 38
216 1854 250 1912 et
272 1854 406 1932 propter
429 1853 568 1914 metrum
585 1848 749 1913 Creticum
769 1852 801 1912 et
816 1853 950 1930 propter
966 1850 1193 1929 argumentum
1209 1845 1290 1910 satis

150 1961 295 2027 iocosum
318 1967 406 2026 carte
428 1961 689 2044 hyporchematis
709 1965 768 2024 est.

238 2073 400 2154 Imprimis
423 2095 499 2137 vcro
523 2075 702 2137 carminum
724 2072 870 2151 illorum,
894 2093 978 2154 quae
993 2072 1167 2154 parthenia
1181 2069 1291 2152 appel-

153 2185 280 2264 lantur,
304 2192 419 2250 auctor
441 2191 538 2267 poeta
560 2190 673 2250 noster
696 2184 773 2260 fuit,
796 2185 893 2248 immo
910 2183 977 2248 lere
993 2185 1102 2249 omnia
1117 2203 1200 2266 quae
1217 2203 1292 2246 con-

150 2296 237 2361 didit
260 2298 387 2361 cantica
409 2296 582 2378 parthenia
604 2296 719 2375 fuisse,
744 2297 902 2360 coniicere
924 2296 1028 2377 possis
1045 2317 1084 2360 ex
1099 2295 1204 2360 verbis
1222 2295 1292 2360 Ste-

150 2408 252 2493 phani
272 2409 456 2490 Byzantini,
481 2409 536 2489 qui
560 2407 620 2489 frg.
645 2413 684 2471 25
709 2408 875 2491 laudatzl)
900 2403 933 2470 ἐν
955 2401 1038 2494 ἀρχῇ
1059 2412 1118 2470 τοῦ
1140 2405 1291 2494 δευτέρου

152 2523 218 2582 τῶν
240 2518 439 2604 παρθενείαν
461 2513 624 2604 ᾀσμάτων.
657 2519 720 2584 Sed
743 2525 918 2601 antequam
947 2519 986 2583 de
1014 2520 1076 2584 hac
1105 2542 1140 2584 re
1167 2519 1291 2602 aliquid

153 2635 350 2712 statuamus,
380 2631 601 2714 quaerendum
624 2637 687 2710 est,
718 2630 911 2712 quibusnam
935 2631 1132 2696 carminibus
1154 2632 1214 2696 boc
1237 2652 1292 2696 no-

151 2764 225 2807 men
243 2750 365 2808 veteres
386 2743 579 2822 tribuerint;
601 2743 797 2807 dissentiunt
813 2743 896 2807 enim
914 2744 1000 2806 inter
1016 2764 1050 2807 se
1067 2744 1253 2826 scriptores.
1264 2743 1290 2827 ⁸)

151 2853 252 2918 Falsa
276 2856 342 2919 siue
366 2855 463 2920 dubio
480 2861 529 2918 est
545 2856 830 2937 grammaticorum
846 2855 903 2918 illa
919 2854 1086 2919 distinctio
1102 2854 1190 2919 facta
1205 2856 1291 2919 inter

151 2963 314 3052 παρθένια
329 2973 362 3032 et
377 2971 573 3053 παρθενεῖα,
584 2966 610 3053 ⁹)
633 2989 770 3048 quorum
787 2967 892 3030 altera
909 2967 973 3030 sint
989 2967 1134 3032 carmina
1150 2967 1291 3032 achoris

151 3078 308 3160 virginum
341 3083 492 3157 cantata,
523 3078 628 3142 altera
650 3080 684 3141 in
708 3079 847 3160 virgines
871 3080 1003 3160 scripta.
1032 3080 1115 3142 Nam
1139 3079 1211 3160 quis
1234 3101 1292 3142 un-

151 3211 250 3271 quam
275 3192 403 3256 cantica
425 3189 585 3253 amatoria
608 3189 734 3268 Alcaei,
758 3190 987 3270 Anacreontis,
1012 3191 1150 3256 aliorum
1172 3191 1206 3254 in
1229 3191 1291 3254 vir-

240 3407 262 3474 ι)
279 3405 331 3472 frg.
352 3407 443 3458 1-11.
462 3435 495 3442 -
514 3403 563 3458 cfr.
581 3404 705 3457 Himer.
725 3402 800 3458 Orat.
817 3403 851 3458 V.
871 3407 894 3458 3.

239 3509 258 3578 ²)
276 3507 327 3576 frg.
348 3509 457 3562 12-17.
478 3539 508 3547 -
528 3507 578 3560 cfr.
596 3506 707 3559 Schol.
727 3506 804 3560 Pind.
824 3507 902 3576 Pyth.
921 3508 966 3561 IV.
986 3508 1045 3562 318.

238 3613 261 3682 ³)
278 3611 421 3674 Jacobs,
441 3609 552 3664 Anthol.
572 3609 666 3663 Graec.
684 3610 697 3661 Ι
724 3627 749 3678 p.
768 3611 828 3662 311.

238 3718 261 3782 ⁴)
282 3715 329 3769 cfr.
345 3713 421 3768 Bode
435 3712 493 3768 Ilb.
509 3729 536 3780 p.
552 3711 594 3765 25.

243 3821 262 3888 ⁵)
281 3819 327 3873 cfr.
346 3833 428 3886 supra
444 3836 471 3887 p.
490 3817 532 3871 11.

242 3921 262 3990 ⁶)
281 3923 330 3977 cfr.
346 3921 438 3977 Bode
454 3923 511 3976 ΠΙ).
529 3939 555 3992 p.
566 3921 613 3976 33.
648 3919 857 3991 Bernhardy
873 3922 907 3976 11.
924 3939 950 3990 p.
966 3923 1025 3978 452.

244 4027 263 4094 ²)
281 4041 294 4078 ⁸
319 4043 344 4079 v.
359 4022 507 4106 Ἐρυσίχη.

238 4133 260 4196 ⁸)
279 4128 366 4182 Locos
389 4131 524 4196 congessit
545 4131 694 4202 Bocckh,
717 4133 794 4188 Pind.
814 4132 908 4198 fragm.
925 4147 951 4198 p.
969 4131 1028 4185 589.
1058 4128 1104 4182 clr.
1121 4127 1291 4194 Wclclrer,

153 4213 266 4268 Alcman
282 4231 308 4282 p.
327 4217 367 4270 10.

242 4317 262 4386 ³)
280 4317 328 4370 cfr.
345 4318 454 4373 secor.
472 4321 554 4374 Arist.
573 4321 623 4376 lv.
641 4322 700 4378 eac.
731 4322 848 4377 athen.
866 4321 938 4375 xiv.
955 4321 1037 4374 amn
