2990 4824
636 293 677 298 ,,
699 205 825 298 ,b

257 403 359 482 Quem
376 403 644 490 Welckerus)
665 406 813 470 Alcmani
835 405 952 470 tribuit
971 427 1098 470 versum
1117 411 1305 492 Sappbieum
1393 449 1409 471 .

165 521 479 598 hendecasyllabum,
502 517 601 582 abeo
623 517 857 582 abiudicandus
880 524 945 597 est,
970 519 1046 600 quia
1068 518 1139 582 loeo
1163 518 1219 582 illl)
1240 517 1306 582 He-

165 630 385 714 phaestionis,
409 650 473 711 quo
496 629 576 694 haec
599 630 760 693 sententia
783 631 915 712 nititur,
940 653 979 696 ex
1002 629 1045 695 M.
1069 629 1111 694 M.
1135 623 1305 714 11101411-

164 740 256 826 μαίῳ
278 742 467 806 restitutum
490 747 541 806 est
559 735 750 826 ‘Aluulqr.²)
1211 725 1215 746 ¹

255 855 372 918 Restat
394 859 432 917 ut
455 857 493 916 de
516 880 604 916 verso
629 858 821 932 dochmiaco,
850 875 943 936 quem
969 853 1174 918 Alemanium
1195 854 1305 918 vocari

166 988 188 1030 a
209 965 318 1030 Plotio
342 965 547 1030 Hermanuus
570 965 785 1050 contendit,³)
809 987 914 1048 pauca
937 965 1052 1028 dicam.
1075 965 1201 1030 Plotius
1219 965 1305 1028 enim

167 1078 375 1142 Alcmauium
390 1077 535 1160 appellat
544 1077 572 1163 ⁴)
587 1079 771 1142 trimetrum
787 1077 960 1142 iambicum
975 1077 1303 1160 brachycataleotum,

168 1211 265 1273 quem
289 1210 417 1254 versum
441 1189 570 1254 Servius
599 1211 727 1272 quoque
749 1171 897 1254 Alcmani
925 1189 1049 1255 tribuit.
1058 1189 1084 1274 ⁵)
1112 1189 1304 1271 Exemplum

168 1301 315 1386 quidem,
338 1301 425 1383 quod
448 1301 556 1383 affert,
584 1324 718 1386 prorsus
741 1303 883 1367 alienum
906 1308 971 1380 est3
995 1302 1053 1366 sed
1075 1301 1303 1384 explicatione,

168 1434 253 1495 quae
276 1413 425 1478 additur:
459 1435 575 1497 „quum
599 1415 789 1479 novissimus
811 1436 883 1497 pes,
913 1412 1033 1478 debens
1062 1417 1094 1476 et
1123 1413 1192 1496 ipse
1221 1413 1305 1476 siout

168 1524 233 1589 duo
249 1533 324 1589 ante
349 1547 383 1590 se
406 1531 546 1608 quatuor
568 1526 688 1590 habere
712 1525 867 1609 syllabae,
892 1525 973 1591 duas
996 1524 1126 1604 habet“,
1149 1530 1305 1608 pentapo-

168 1638 256 1702 diam
278 1638 450 1702 iambicam
474 1637 650 1722 significari
672 1645 820 1721 apparet.
844 1639 955 1720 Neque
971 1637 1041 1720 ipse
1059 1658 1185 1716 versus,
1209 1657 1304 1718 quem

169 1771 230 1832 pro
254 1751 396 1833 exemplo
420 1750 564 1837 affert,⁶)
594 1750 801 1816 dochmiacus
825 1757 890 1830 est,
921 1749 978 1814 sed
1001 1753 1131 1814 constat
1153 1770 1192 1813 ex
1215 1748 1305 1830 dipo-

171 1861 227 1925 dia
249 1860 385 1928 iambica
409 1869 443 1927 et
465 1863 602 1928 dimetro
626 1864 755 1926 cretico.

260 1977 374 2036 Versus
397 1993 614 2056 asyam-cetos,
643 1982 801 2057 quantum
829 1997 868 2040 ex
897 1975 1076 2038 carminum
1098 1972 1248 2054 reliquiis.
1267 1970 1305 2034 li-

166 2090 261 2167 quet,
290 2092 387 2168 poeta
416 2108 480 2151 non
510 2088 658 2166 admisit3
688 2107 764 2151 nam
796 2107 876 2168 quos
900 2085 1125 2149 Welckerus
1156 2082 1303 2166 affert)

166 2204 224 2260 aut
246 2219 305 2279 per
328 2219 363 2262 se
386 2220 449 2262 non
474 2205 551 2263 suut
573 2199 767 2282 asyuarteti,
796 2205 833 2263 ut
855 2198 916 2281 frg.
944 2204 982 2260 14
1006 2199 1061 2280 (35
1080 2197 1129 2261 ed.
1147 2193 1303 2278 Bergk),

166 2315 223 2374 aut
251 2310 316 2374 alio
343 2309 439 2374 modo
467 2311 621 2375 metiendi
650 2317 739 2390 sunt,
768 2318 805 2374 ut
835 2309 895 2394 srg.
925 2315 965 2374 27
998 2309 1053 2396 (37
1078 2310 1127 2374 ed.
1151 2306 1303 2388 Bergk).

166 2422 240 2504 Frg.
267 2426 307 2484 42
332 2422 396 2508 (ed.
421 2422 502 2506 W),
532 2422 619 2504 quod
642 2445 681 2486 ex
703 2423 953 2505 Hephaestionis
976 2421 1199 2507 Euchiridic⁸)
1229 2420 1303 2483 Alc·

165 2534 252 2598 mani
275 2533 407 2614 tribuit,
439 2542 526 2598 recte
551 2534 591 2598 ab
615 2535 688 2598 aliis
711 2535 830 2598 Alcaeo
853 2534 1023 2614 tribuitur,
1047 2533 1208 2615 quiahoc
1230 2533 1301 2596 loco

164 2645 199 2708 iu
221 2645 301 2712 MM.
324 2669 384 2730 pro
404 2640 596 2727 Ἀλκμαϊκόν
616 2647 738 2729 legitur
757 2639 967 2732 brinat'ntvfl)

1338 803 1359 846 0

251 2870 341 2935 Haec
364 2877 440 2935 suut
464 2892 546 2953 quae
574 2871 612 2935 de
636 2870 803 2936 ordinibus
833 2876 866 2934 et
888 2869 1034 2935 versibus
1064 2869 1211 2934 Alcmaui
1238 2867 1302 2934 u'si·

163 2982 244 3046 tatis
264 2983 328 3046 dici
347 2989 496 3066 possunt,
514 2981 631 3065 quibus
651 2982 779 3047 abunde
802 2983 870 3047 eius
886 2985 1003 3047 merita
1019 2982 1058 3046 de
1074 2981 1301 3066 amplificanda

163 3095 376 3178 augendaque
398 3101 470 3159 arte
493 3079 628 3160 metrica
651 3095 794 3177 elucent,
824 3117 923 3180 quum
951 3116 1017 3160 uon
1040 3095 1144 3160 solum
1168 3118 1206 3160 ex
1229 3095 1302 3160 aliis

255 3407 270 3474 ¹)
289 3407 426 3460 Alcman
447 3424 472 3473 p.
492 3408 533 3459 13.

252 3513 271 3572 Ιὶ)
291 3510 475 3578 Hephaest.
495 3527 520 3578 p.
540 3510 572 3562 79
593 3510 632 3561 ed.
652 3509 735 3562 Gaist'.
756 3524 834 3577 quern
854 3511 900 3562 ct'r.
919 3509 952 3561 ad
972 3509 1042 3560 bunc
1061 3509 1155 3561 locum.

251 3613 272 3674 ³)
292 3615 425 3667 Element.
445 3614 528 3669 doctr.
547 3621 622 3666 metr.
642 3631 667 3681 p.
686 3615 746 3667 262.

247 3717 268 3782 ⁴)
287 3734 312 3784 p.
332 3717 409 3768 2643.

250 3821 270 3886 ⁵)
289 3819 364 3872 Ceut.
385 3836 409 3886 p.
433 3821 504 3872 ls'ls,
606 3854 609 3861 .

248 3924 269 3991 ⁶)
288 3939 321 3975 ex
342 3923 494 3991 Aeschyl.
514 3925 587 3993 Sept.
608 3940 629 3977 c.
648 3924 735 3980 Theb.
756 3926 813 3978 ret.

250 4005 271 4064 'l
290 4028 463 4094 Alcmanp
493 4031 532 4081 13.

247 4135 268 4196 ³)
289 4149 314 4202 p.
334 4131 368 4184 58
396 4130 437 4184 ed.
457 4133 541 4187 Gaisf.

248 4235 267 4302 ⁹)
285 4233 332 4288 cfr.
352 4233 476 4304 Bergk,
496 4237 569 4290 Poet.
589 4236 637 4304 lyr.
657 4254 682 4306 p.
702 4240 760 4294 950.
