2990 4824
717 329 755 390 11

170 532 256 596 idem
280 531 320 595 de
334 530 550 614 'Polymnesto
575 532 646 595 loco
671 532 851 596 Pausaniae
874 553 972 614 supra
988 532 1122 595 laudato
1133 532 1159 617 ¹)
1179 532 1308 596 demon·

169 649 301 708 stratur.
325 643 440 725 Itaque
464 664 504 706 ex
528 643 671 708 Sacadae
694 649 817 723 aetate,
836 644 892 726 qui
914 644 1000 707 circa
1024 643 1149 726 Olymp.
1170 643 1306 707 XLVIII

169 754 329 838 floruit,²)
352 775 503 837 perverse
527 755 627 818 ceteri
651 776 779 837 quoque
804 755 908 820 eidem
937 756 1039 819 aetati
1069 752 1307 819 adscribuntur.

171 865 230 930 liis
252 867 286 930 in
308 867 495 929 universum
514 865 705 948 disputatiS,
732 888 830 930 unum
852 867 938 948 quod
956 870 1076 945 restat,
1097 871 1133 929 ut
1154 866 1308 929 Thaletae

171 981 313 1041 aetatem
336 978 438 1041 exiis
462 998 545 1059 quae
570 977 712 1041 Glaucus
736 978 873 1041 tradidit
894 977 1025 1042 indiciis
1043 977 1238 1044 constituere
1257 998 1309 1040 co-

171 1109 285 1152 nemur
307 1110 440 1171 eamque
459 1087 631 1171 probemus
649 1090 793 1172 opinioni
810 1095 941 1154 nostrae
962 1089 1001 1153 de
1019 1087 1217 1171 temporibus
1236 1089 1308 1151 Alc·
1420 1141 1424 1147 .

171 1201 276 1262 manis
293 1220 357 1263 non
374 1221 571 1282 repugnare,
588 1199 719 1264 difficile
737 1223 802 1264 non
814 1205 875 1267 est.
898 1201 968 1265 Hoc
980 1201 1065 1264 enim
1078 1200 1180 1263 solum
1192 1205 1305 1281 aperte

174 1311 268 1390 dicit,
286 1311 452 1374 Thaletem
470 1318 544 1394 post
562 1312 791 1376 Archilochum
810 1318 921 1376 natum
943 1333 1021 1376 esse.
1032 1312 1057 1394 ³)
1083 1311 1188 1387 Quum
1208 1311 1308 1391 igitur

177 1421 402 1486 Archilochum
424 1423 489 1486 iam
513 1423 554 1486 ah
579 1423 705 1506 Olymp.
729 1423 788 1487 XV
804 1422 951 1487 floruisse
975 1425 1055 1486 satis
1077 1428 1200 1486 certum
1217 1421 1307 1506 sit,4)

173 1533 289 1596 Glauci
305 1532 410 1596 verbis
431 1534 517 1597 omni
534 1556 572 1598 ex
591 1540 684 1616 parte
702 1534 894 1613 satisfaciet,
916 1535 971 1615 qui
990 1535 1158 1597 Thaletam
1178 1533 1308 1595 circiter

172 1644 284 1725 viginti
316 1650 390 1725 post
421 1645 514 1707 annis
543 1645 618 1708 inde
649 1644 690 1709 ah
723 1645 849 1727 Olymp.
878 1645 938 1708 XX
968 1644 1114 1708 floruisse
1145 1646 1308 1709 statuerit.

172 1756 355 1819 Adventum
379 1756 447 1818 eius
475 1757 508 1819 in
536 1757 793 1839 Peloponnesum
821 1762 918 1837 atque
949 1757 1211 1820 constitutionem
1240 1777 1309 1818 rnu-

171 1869 286 1946 sicam,
311 1872 469 1948 quantum
491 1864 532 1930 ab
557 1888 593 1931 eo
617 1867 706 1930 lacta
729 1873 793 1945 est,
821 1871 860 1929 ut
882 1866 968 1930 circa
992 1867 1117 1950 Olymp.
1141 1867 1230 1930 XXV
1252 1889 1309 1950 po-

169 2001 294 2057 namus
319 1999 357 2042 ea
379 1979 537 2060 imprimis
561 2001 659 2042 causa
688 2000 941 2058 commovemur,
974 1979 1060 2060 quod
1089 1981 1122 2042 in
1151 1977 1308 2043 Chronico
1336 2037 1341 2042 .

169 2089 301 2154 Eusehii
312 2091 477 2153 institutio
489 2091 812 2173 gymnopaediorum,
831 2110 914 2170 quae
930 2092 1084 2154 catastasi
1103 2091 1178 2153 huic
1197 2112 1215 2152 a
1235 2091 1308 2152 Plu-

167 2201 282 2265 tarcho
298 2200 539 2286 adiungitur,⁵)
563 2201 606 2266 ad
624 2202 709 2265 idem
726 2202 793 2266 fere
813 2207 957 2283 tempuS,
979 2200 1021 2264 ad
1041 2202 1168 2284 Olymp.
1186 2200 1309 2264 XXVII

169 2312 337 2395 adscripta
362 2312 461 2397 estl)
491 2312 646 2376 Thaletae
671 2320 833 2395 superstes
856 2318 927 2376 erat
949 2313 1187 2394 Polymnestus,
1211 2334 1309 2395 quum

168 2424 439 2487 Lacedaemoniis
460 2445 532 2488 eum
556 2445 685 2488 carmen
708 2425 742 2487 in
766 2425 935 2488 Thaletam
959 2425 1072 2488 fecisse
1100 2447 1120 2488 a
1146 2426 1308 2488 Pausania

170 2533 327 2598 traditum
357 2537 453 2619 sit;⁷)
482 2536 572 2599 aliud
600 2557 639 2599 ex
665 2535 726 2599 hoc
754 2536 936 2599 Pausaniae
963 2536 1034 2600 loco
1065 2537 1173 2618 colligi
1201 2541 1309 2618 potest

169 2644 260 2709 nihil.
293 2647 409 2728 ltaque
445 2648 615 2729 quominus
650 2667 723 2710 eum
757 2646 925 2728 aequalem
957 2646 1112 2710 Thaletae
1143 2648 1307 2711 nonnullis

169 2757 263 2819 annis
286 2759 441 2822 minorem
467 2760 553 2822 circa
577 2759 703 2841 Olymp.
733 2757 856 2821 XXVII
884 2757 982 2821 fuisse
1011 2756 1169 2839 dicamuS,
1201 2761 1308 2823 nescio

168 2866 249 2948 quid
263 2868 431 2950 impediat.
461 2870 614 2952 Aequalis
635 2877 743 2933 autem
760 2869 958 2952 Polymnesli
977 2870 1111 2932 Alcman
1130 2870 1200 2936 fuit.
1225 2870 1308 2933 Nam

167 2978 257 3059 quod
275 2980 410 3044 Alcman
429 2983 462 3044 in
482 2981 678 3044 carminibus
706 2983 902 3064 Polymnesti
926 2982 1120 3045 mentionem
1143 2982 1308 3068 fecerit,⁸)

170 3111 211 3154 ex
234 3112 270 3155 eo
293 3093 373 3156 nihil
397 3094 544 3173 sequitur
567 3094 628 3156 nisi
651 3097 689 3155 ut
706 3094 930 3176 Polymnestus
947 3116 1008 3157 non
1027 3099 1102 3176 post
1120 3095 1308 3160 Alcmanem

278 3369 296 3436 ¹)
315 3367 363 3422 cfr.
381 3385 407 3435 p.
426 3367 451 3420 8.
470 3372 524 3418 not.
543 3366 568 3420 4.

276 3465 296 3518 ²1
317 3462 366 3515 cfr.
385 3479 413 3529 p.
429 3463 453 3515 9.
472 3466 527 3513 not.
546 3461 571 3514 4.

274 3555 295 3624 ³)
313 3555 400 3608 Plut.
420 3555 453 3607 de
472 3572 537 3608 mus.
557 3571 578 3610 c.
600 3557 639 3607 10.
658 3572 685 3622 p.
703 3555 734 3620 8,
761 3555 808 3606 21:
847 3555 970 3620 Γλαῦκος
991 3557 1042 3635 γὰρ
1065 3555 1121 3634 μετ’
1141 3554 1308 3638 Ἀρχίλοχον

170 3639 284 3718 φάσκων
306 3642 472 3720 γεγενῆσθαι
495 3641 630 3716 Θαλήταν.

273 3745 293 3808 ⁴)
313 3743 362 3797 cfr.
382 3743 520 3810 Liebel,
539 3741 716 3795 Archilochus
736 3760 761 3812 p.
781 3747 805 3798 5.
825 3760 865 3813 sq.

273 3833 295 3889 ³>
316 3829 363 3881 cfr.
383 3846 408 3897 p.
431 3832 468 3882 10.

273 3915 294 3983 ο)
312 3933 338 3984 p.
356 3914 399 3968 86.
418 3914 459 3967 ed.
478 3915 642 3968 Schoene.
662 3944 695 3951 —
714 3915 841 3984 cinquae
853 3918 1024 3971 Hermannus
1041 3919 1074 3971 de
1091 3924 1211 3988 tempore
1227 3922 1301 3975 iusti-

168 3997 279 4052 tuti0nis
298 4000 572 4069 Gymnopaediorum,
592 4015 713 4069 quaeque
733 4002 862 4058 Thaletas
881 4005 1034 4071 novaverit,
1054 4010 1131 4058 acute
1150 4011 1177 4058 et
1195 4006 1307 4074 diligen·

168 4087 210 4136 ter
227 4086 388 4154 conscripsit
406 4085 539 4154 Antiquit.
559 4086 660 4140 Lacon.
678 4104 704 4156 p.
723 4089 756 4141 87
776 4103 815 4158 sq.

276 4173 293 4235 ²)
312 4172 333 4226 l.
354 4171 394 4236 14,
413 4173 438 4224 3.

272 4256 292 4324 ⁸)
311 4257 360 4309 cfr.
380 4255 461 4309 Plut.
484 4257 603 4311 demus.
622 4273 644 4311 c.
669 4257 695 4313 5.
717 4277 743 4328 p.
766 4261 797 4328 5,
822 4262 870 4315 24:
907 4265 955 4320 τοῦ
984 4263 1013 4321 δὲ
1041 4261 1240 4340 Πολυμνήστου
1262 4263 1307 4322 καὶ

168 4339 303 4422 Πίνδαρος
324 4343 371 4402 καὶ
390 4339 512 4420 Ἀλκμὰν
536 4347 561 4406 οἱ
581 4353 636 4404 τῶν
661 4352 753 4424 μελῶν
775 4348 886 4426 ποιηταὶ
907 4349 1125 4425 ἐμνημόνευσαν.
