2990 4824
750 990 787 1075 Ι.

472 1213 538 1284 nn
568 1164 755 1286 arans
784 1213 1067 1300 acerranis.

290 1380 351 1456 Qui
374 1381 413 1444 de
435 1387 544 1445 aetate
567 1382 731 1446 Alcmanis
755 1383 820 1446 sive
841 1383 1032 1466 singillatim
1053 1385 1253 1466 scripserunt
1269 1387 1334 1452 sive

203 1490 308 1556 obiter
331 1512 403 1556 eam
418 1493 595 1574 tetigerunt
610 1493 672 1557 viri
688 1493 882 1574 doctissimi,
903 1496 1033 1559 induas
1049 1499 1226 1561 sententias
1241 1499 1336 1580 longe

204 1602 363 1667 distantes
393 1603 638 1668 distrahuntur:
667 1604 773 1668 altera
802 1605 846 1669 ad
876 1606 1002 1688 Olymp.
1031 1606 1153 1670 XXVII
1176 1609 1225 1674 vel
1248 1609 1337 1671 XXX

151 1755 155 1762 ·
204 1714 292 1799 (lntr.
315 1737 391 1781 ann.
416 1720 477 1778 670
501 1722 533 1779 et
557 1719 619 1778 660
642 1737 671 1782 a.
696 1715 770 1782 Chr.
794 1715 875 1801 nat.)
900 1738 973 1780 eum
995 1717 1147 1802 refert,¹)
1177 1719 1281 1782 altera
1303 1721 1336 1781 in

203 1827 325 1890 saeculi
349 1828 479 1909 septimi
502 1828 591 1890 exitu
615 1828 701 1890 circa
722 1826 848 1909 Olymp.
864 1827 954 1891 XLII
977 1828 1162 1913 collocato
1193 1829 1336 1906 Quarum

203 1959 302 2020 quum
324 1944 464 2020 utraque
487 1938 846 2018 testimoniisveternm
869 1939 1064 2022 scriptorum
1088 1941 1207 2003 acriter
1230 1940 1338 2004 defen·

203 2049 309 2130 datur,
332 2049 414 2113 haec
429 2051 558 2131 quidem
575 2049 668 2115 nobis
690 2071 830 2132 quoque,
855 2051 882 2113 si
906 2051 985 2133 quid
1007 2053 1190 2115 accuratius
1214 2051 1253 2115 de
1276 2052 1338 2115 hac

203 2182 238 2224 re
266 2167 410 2226 statuere
439 2162 599 2242 volumus,
629 2163 780 2226 adeunda
810 2168 843 2226 et
871 2163 1086 2226 examinanda
1114 2169 1198 2228 sunt.
1245 2163 1338 2240 Quod

204 2273 231 2336 si
254 2274 442 2356 diligentius
465 2274 651 2355 fecerimus,
674 2276 765 2357 prior
788 2275 950 2338 sententia
973 2295 1025 2353 ea,
1050 2295 1132 2355 quae
1156 2275 1226 2338 sola
1249 2283 1336 2338 stare

202 2385 324 2466 possit,
348 2385 529 2469 apparebit.

292 2497 449 2580 Apertum
472 2497 512 2560 de
541 2497 705 2561 Alcmanis
733 2504 841 2561 aetate
870 2498 1088 2561 testimonium
1118 2503 1224 2561 exstat
1251 2498 1337 2580 apud

206 2607 351 2689 Suidam,
369 2611 425 2691 qui
440 2630 465 2676 s.
482 2632 511 2674 v.
523 2603 696 2692 Ἀλκμάνῧ)
719 2610 805 2672 circa
823 2609 948 2690 Olymp
964 2607 1087 2671 XXVII
1103 2630 1175 2670 eum
1191 2585 1337 2672 floruissd

204 2727 326 2786 narrat.
358 2721 416 2786 Cui
439 2721 510 2785 loco
533 2720 608 2784 inde
638 2720 726 2784 hand
754 2720 899 2802 paullum
930 2719 1137 2782 auctoritatis
1166 2721 1336 2802 accrescit,

204 2833 291 2915 quod
313 2833 439 2916 Ardyn,
462 2854 571 2914 regem
586 2832 765 2914 Lydorum,
788 2853 882 2914 quem
898 2831 1221 2914 undequinquaginta
1236 2853 1338 2896 annos

202 2966 305 3026 nsque
337 2923 381 3009 ad
415 2944 541 3029 Olymp.
575 2944 729 3009 XXXVII
761 2966 913 3028 regnasse
948 2943 1127 3029 constrati)
1168 2945 1337 3026 aequalem

203 3057 368 3120 Alcmanis
390 3056 490 3120 fuisse
513 3057 614 3122 addit.
638 3057 904 3122 Additamentum
927 3058 987 3122 hoc
1011 3079 1049 3121 ex
1071 3058 1150 3138 ipsis
1173 3057 1338 3122 Alcmanis

204 3167 402 3232 carminibus
431 3168 585 3232 haustum
618 3189 687 3232 esse
718 3191 738 3233 a
770 3169 869 3234 Suida
896 3169 1080 3252 videtur;⁵)
1115 3168 1202 3249 quod
1230 3171 1256 3231 si
1284 3191 1339 3232 ne-

203 3286 313 3362 gatur,
342 3301 421 3344 sane
447 3281 565 3343 mirum
588 3279 686 3359 soret,
715 3281 867 3345 Laconici
895 3286 1011 3363 poetae
1040 3284 1182 3343 aetatem
1211 3302 1250 3344 ox
1278 3282 1339 3363 Ly-

203 3391 319 3456 dorum
351 3413 464 3474 regum
495 3391 695 3475 temporibus
728 3415 749 3456 a
781 3392 906 3456 Graeco
941 3393 1098 3474 scriptore
1132 3393 1242 3456 statui.
1275 3393 1338 3456 Na-

296 3618 312 3684 ¹)
330 3613 503 3680 Welcker‚
523 3615 635 3666 Alcman
652 3633 679 3682 p.
698 3620 721 3669 7.
745 3616 865 3680 Ulrici‚
885 3616 973 3668 Gesch
995 3615 1043 3668 der
1054 3615 1117 3669 hell.
1131 3615 1295 3669 Dichtknnst
1307 3617 1340 3669 ll.

202 3719 228 3769 p.
246 3702 304 3755 389.
323 3699 535 3768 Bernhardy,
554 3699 699 3753 Grundriss
717 3703 751 3754 II.
770 3720 795 3769 p.
814 3702 874 3756 468.

288 3791 312 3853 ²)
333 3786 361 3839 C.
381 3785 413 3840 Ο.
430 3785 572 3851 Muller,
590 3786 687 3838 Gesch.
707 3787 755 3839 der
772 3788 873 3855 griech.
892 3788 1030 3840 Literatur
1048 3789 1068 3842 I.
1087 3805 1113 3856 p.
1132 3789 1191 3842 350.
1210 3789 1339 3856 Hooclr,

204 3872 288 3925 Krcta
305 3873 353 3925 III.
371 3889 398 3940 p.
417 3872 475 3924 379.
511 3871 711 3938 Volkmann,
731 3874 800 3926 Plut.
819 3873 852 3926 de
870 3874 970 3927 musica
989 3891 1016 3948 p.
1035 3873 1076 3928 76.

294 3962 316 4030 ³)
377 3959 410 4038 ἦν
432 3960 462 4017 δὲ
483 3959 527 4017 ἐπὶ
547 3964 597 4035 τῆς
617 3959 658 4025 κζ’
682 3959 869 4035 ὀλυμπιάδος,
890 3960 1083 4037 βασιλεύοντος
1105 3962 1202 4020 Λυδῶν
1217 3956 1341 4039 νΛρ’)υος

206 4056 255 4112 τοῦ
274 4051 446 4113 Ἀλλοοίττοο
468 4053 579 4130 πατρός.

290 4151 312 4218 ⁴)
330 4149 364 4202 cf.
382 4145 482 4200 Herod.
501 4147 521 4199 l.
541 4149 581 4199 15.

243 4219 250 4232 ’
294 4237 314 4300 ⁵>
333 4234 383 4289 cfr.
406 4233 578 4298 nerones,
603 4232 688 4286 aaa
710 4251 737 4302 p.
764 4235 790 4288 ο.
832 4233 936 4301 sone,
966 4234 1062 4289 aeson.
1089 4234 1137 4287 ner
1160 4233 1223 4288 neri.
1248 4235 1340 4286 nient-

204 4320 288 4374 knnst
304 4321 339 4376 11.
358 4337 386 4388 p.
404 4320 446 4373 15.

1137 4406 1175 4458 1*
