2990 4824
698 1113 786 1200 111.

170 1339 329 1420 CUIUS
348 1337 656 1416 GRAECORUM
675 1334 931 1412 NATIONIS
947 1334 1072 1410 ARTI
1093 1333 1306 1412 LYRICAE

272 1469 543 1546 ALCMANIS
571 1467 753 1542 POESIS
783 1465 864 1542 SIT
892 1463 1206 1542 TRIBUENDA.

254 1639 431 1722 Postquam
459 1639 499 1703 de
527 1639 706 1702 carminum
733 1637 893 1701 exteriore
923 1635 1027 1700 forma
1056 1633 1211 1713 diximus,
1241 1654 1304 1697 non

168 1752 311 1818 alienum
335 1757 383 1815 est
404 1751 439 1813 iu
463 1750 571 1832 capite
591 1749 690 1812 'tertio
712 1747 752 1812 de
773 1753 964 1830 argumento
989 1769 1114 1826 eorum,
1138 1745 1178 1810 de
1200 1744 1307 1809 indole

169 1869 286 1949 poetae
309 1863 442 1945 eiusque
464 1863 570 1945 poesis
594 1860 720 1943 aliquid
742 1859 919 1944 disputare.
943 1861 1097 1924 Attamen
1113 1864 1150 1922 ut
1166 1857 1306 1922 exomni

169 1981 264 2060 parte
285 1976 366 2040 haee
389 1976 538 2056 quaestio
562 1973 765 2054 absolvatur,
785 1994 885 2055 quum
907 1977 1041 2055 propter
1063 1991 1201 2055 paucas,
1225 1991 1308 2052 quae

170 2088 210 2152 de
234 2088 388 2151 Alcmene
409 2085 450 2150 ab
467 2085 655 2150 auctoribus
671 2084 834 2149 veteribus
853 2083 996 2148 traditae
1012 2087 1104 2162 sunt,
1121 2083 1308 2159 memorias,

169 2209 239 2263 tum
262 2204 396 2283 propter
418 2197 689 2279 fragmentorum,
718 2217 801 2279 quae
825 2201 954 2260 servata
976 2201 1069 2274 sunt,
1098 2193 1308 2275 exiguitatem

169 2311 241 2374 fieri
262 2331 326 2374 non
349 2315 474 2393 potest,
498 2331 602 2392 neque
622 2329 772 2393 perverse
789 2307 946 2372 Miillerus
968 2327 1006 2370 ea
1024 2306 1063 2371 de
1080 2329 1115 2372 re
1129 2304 1268 2369 iudicat:
1281 2303 1305 2388 ¹)

174 2421 312 2486 Alkman
336 2423 451 2504 gehdrt
473 2443 512 2484 zu
534 2421 597 2485 den
620 2421 793 2499 Dichtern,
822 2419 921 2484 deren
950 2419 1025 2483 Bild
1052 2420 1096 2483 im
1128 2415 1229 2481 Lause
1253 2415 1311 2480 der

175 2533 248 2596 Zeit
270 2553 320 2596 am
342 2534 480 2596 meisten
503 2533 688 2596 verblichen
710 2533 771 2612 ist,
794 2550 830 2595 so
851 2531 925 2595 dass
941 2531 999 2594 wir
1020 2551 1053 2594 es
1068 2551 1120 2594 am
1135 2529 1311 2609 wenigsten

174 2647 215 2708 zo
237 2664 395 2708 crneuern
418 2643 525 2708 hoffen
549 2645 674 2710 diirfen.

261 2755 340 2820 Inde
357 2757 539 2820 sententiae
554 2756 630 2819 illae
645 2756 786 2818 virorum
803 2753 973 2818 doctorum
989 2752 1082 2817 valde
1097 2753 1183 2816 inter
1199 2773 1232 2814 se
1249 2750 1312 2814 dis-

173 2874 357 2950 crepantes,
386 2887 522 2949 quorum
547 2888 645 2950 quum
669 2867 769 2947 alius,
800 2866 942 2930 Homero
966 2863 1155 2929 Alcmanem
1183 2884 1312 2946 compa·
1347 2927 1351 2936 ,

172 3001 263 3060 rane,
286 2981 399 3062 poesin
417 2979 552 3062 lyricam
570 2999 587 3042 e
604 2980 735 3060 regione
754 2978 904 3060 populari
919 2978 952 3040 in
970 2977 1106 3041 sublime
1122 2975 1203 3039 artis
1222 2975 1314 3039 fasti-

173 3093 262 3174 gium
289 3091 391 3156 abeo
415 3097 564 3156 vocatam
588 3111 656 3155 esse
681 3089 906 3174 contendat,²)
937 3089 1020 3153 alius
1044 3110 1116 3153 eum
1140 3107 1313 3172 personam

173 3191 290 3287 poetae
312 3202 520 3287 provincialis
544 3203 670 3266 exuisse
694 3208 726 3266 et
748 3201 791 3266 ad
811 3201 1020 3266 excolendam
1043 3205 1136 3265 extra
1156 3198 1236 3264 fines
1252 3202 1315 3265 Lu-

174 3315 302 3379 conicos
325 3316 439 3398 poesin
460 3313 637 3397 quidquam
657 3313 802 3379 effecisse
822 3313 983 3378 infitiatur
999 3320 1031 3377 et
1047 3313 1312 3395 compositionem

173 3449 248 3524 uere
271 3426 485 3492 artificiosam
508 3424 549 3490 ab
573 3446 611 3490 eo
634 3425 849 3512 abiudicat.³)
877 3425 927 3488 Ex
950 3447 1015 3488 una
1038 3432 1146 3488 tamen
1169 3425 1313 3505 ratione,

173 3542 219 3621 si,
249 3541 342 3604 cuius
370 3539 569 3605 Graecorum
598 3540 741 3604 nationis
764 3540 829 3602 arti
852 3539 973 3621 lyricae
996 3539 1102 3622 poesis
1126 3537 1315 3603 Alcmanica

173 3651 386 3718 attribuenda
414 3652 471 3731 sit,
503 3653 704 3736 quaerimus,
733 3652 777 3717 ad
804 3651 1040 3735 explanandam
1065 3650 1208 3715 indolem
1231 3643 1314 3734 quae

174 3769 305 3830 exstant
328 3747 508 3830 carminum
530 3765 704 3848 reliquiae,
736 3765 891 3830 adhibitis
914 3764 988 3828 aliis
1011 3768 1155 3828 veterum
1179 3765 1316 3847 scripto-

173 3898 247 3942 rum
268 3877 479 3957 testimoniis,
503 3879 583 3943 satis
606 3877 685 3942 mihi
704 3876 854 3942 ridentur
877 3897 956 3943 esse.
981 3876 1065 3940 Nam
1079 3896 1183 3956 neque
1200 3875 1316 3938 dehac

267 4137 284 4204 ¹)
302 4136 532 4205 Litoraturgesch.
552 4137 571 4189 l.
590 4153 615 4204 p.
635 4136 693 4189 356.

264 4241 284 4308 ²)
303 4239 411 4296 Ulrici
429 4241 463 4294 ΙΙ.
481 4257 507 4308 p.
527 4239 586 4293 386.

263 4345 285 4410 ³)
304 4343 522 4414 Bernhardy,
541 4343 687 4398 Gruudriss
705 4345 738 4398 ll.
758 4361 785 4413 p.
804 4343 863 4396 468.
