2990 4824
701 289 741 346 45

153 505 263 564 turam
287 497 408 580 optime
431 493 577 560 declarat
598 491 789 577 Procrus21)
818 486 877 564 Εἰς
899 487 997 562 θεοὺς
1020 486 1056 552 dd
1083 486 1137 552 καὶ
1166 480 1292 572 ἀνθρώ-

151 631 237 686 πους
259 605 431 696 παρθένια.
465 605 590 670 Eadem
619 605 659 670 de
688 623 787 668 causa
814 602 935 666 cantici
965 601 1117 666 amatorii
1144 599 1293 664 inventor

154 724 291 788 Alcman
312 719 518 801 laudatur,²)
542 737 740 800 quamquam
768 714 865 778 huius
893 713 1020 795 generis
1049 712 1193 776 earmina
1219 731 1294 794 pro-

152 837 223 920 prie
252 834 360 912 diota,
388 831 498 914 quella
521 828 632 894 Alcaei
655 833 688 892 et
710 826 924 892 Anacreontis
949 824 1095 904 fuerunt,
1120 844 1193 889 eum
1215 823 1294 887 scri-

152 949 256 1032 psisse
273 945 354 1010 satis
371 942 505 1009 dubium
521 945 580 1006 est.
604 940 768 1016 Quantam
782 958 857 1002 vero
874 938 1011 1020 gloriam
1028 936 1079 1002 his
1096 934 1293 1000 carminibus

154 1059 216 1126 sibi
242 1057 409 1142 paraverit
434 1060 534 1136 atque
564 1059 764 1136 quantopere
793 1071 906 1116 sonum
936 1050 1094 1114 sermonis
1116 1046 1294 1132 virginibus

154 1170 360 1254 aptissimum
389 1187 516 1248 semper
542 1149 719 1243 invenerit,
747 1162 861 1228 landes
885 1167 918 1226 et
940 1161 1126 1226 testimonia
1148 1167 1294 1226 veterum

155 1285 351 1366 scriptorum
378 1277 506 1342 abunde
523 1253 759 1359 comprobant.
781 1271 811 1337 Ὁ
835 1267 967 1360 ἄριστος
987 1272 1094 1354 μελῶν
1114 1267 1253 1358 ποιητής
1276 1295 1295 1336 a

155 1392 331 1460 Plutarcho
341 1391 366 1477 ³)
386 1389 572 1474 appellatur
592 1395 625 1452 et
642 1387 684 1452 ab
702 1387 847 1452 Aristide
856 1385 883 1472 ⁴)
903 1381 1001 1448 ὁτῶν
1016 1382 1188 1472 παρθένων
1202 1382 1296 1449 ἐπαι-

154 1505 246 1592 νέτης
267 1528 303 1569 τε
328 1503 383 1568 καὶ
413 1497 602 1584 σύμβουλος.
632 1500 722 1565 Idem
752 1497 936 1582 significant
964 1497 1124 1581 epitheta,
1152 1518 1234 1580 quae
1261 1498 1296 1560 in

140 1617 406 1704 'epigrammatis
431 1616 461 1678 ei
483 1613 728 1691 adscribuntur,
751 1617 790 1674 ut
811 1610 1026 1695 Leonidae:⁵)

316 1727 380 1792 Τόν
402 1723 541 1812 χαρίενι’
562 1718 775 1805 Ἀλκμᾶνα...

160 1849 193 1906 et
215 1841 363 1924 anonymi
387 1840 420 1903 in
444 1859 558 1902 novom
580 1837 699 1919 lyricos
723 1835 923 1922 Graecos:⁶)

311 1950 509 2037 θηλυμελεῖς
528 1944 705 2029 Ἀλκμᾶνος
727 1940 908 2033 ἆὴδσνες...

160 2072 193 2129 et
215 2065 249 2130 in
270 2064 335 2130 alio
359 2063 502 2127 eiusdem
525 2060 764 2146 argumentizb

314 2169 351 2262 ἦν
373 2171 487 2259 γλυκὺς
505 2166 656 2254 Ἀλκμάν.

246 2288 445 2370 Cognomina
466 2287 562 2365 haec,
579 2305 663 2368 quae
686 2307 745 2368 per
769 2307 803 2350 se
825 2284 1002 2351 abhorrent
1025 2307 1044 2350 a
1068 2287 1241 2350 severitate
1264 2290 1298 2350 et

160 2401 353 2466 austeritate
375 2399 554 2477 Laconica,
585 2399 831 2480 partheniorum
861 2405 980 2464 natura
1011 2419 1112 2481 supra
1134 2397 1299 2481 descripta

161 2511 381 2594 explicantur3
405 2530 603 2593 quamquam
630 2513 744 2593 negari
774 2531 838 2574 non
865 2516 987 2593 potest¹
1019 2511 1208 2576 Alemanem
1235 2508 1297 2573 hac

160 2623 268 2708 poesis
290 2624 396 2706 gratia
420 2629 453 2688 et
475 2621 645 2687 dulcedine
674 2623 779 2705 poetis
800 2622 941 2687 Aeolicis
970 2623 1189 2705 propinquum
1217 2641 1297 2687 esse.

159 2735 199 2800 Id
220 2736 340 2819 ipsum,
371 2735 458 2819 quod
484 2735 519 2798 in
545 2733 673 2817 hymnis
702 2735 813 2800 aliisve
843 2733 1042 2798 carminibus
1066 2735 1224 2816 gravioris
1246 2755 1299 2798 ar-

158 2848 304 2930 gumenti
330 2847 433 2931 ipsius
460 2851 576 2930 poetae
607 2866 720 2910 sensns
743 2852 776 2910 et
798 2845 934 2912 affectus
956 2851 1127 2928 emergunt
1149 2845 1242 2936 quasi
1266 2850 1299 2908 et

159 2964 349 3042 erumpunt,
372 2959 542 3024 inclinatio
560 2957 720 3040 quaedam
744 2962 778 3021 et
800 2958 966 3023 concessio
988 2957 1030 3021 ad
1052 2957 1194 3022 indolem
1218 2957 1299 3020 Aeo-

158 3069 255 3134 licam
278 3069 425 3154 putanda
448 3074 517 3148 est;
541 3089 624 3151 quae
652 3090 744 3147 vero,
774 3068 802 3133 si
825 3069 982 3150 originem
1005 3068 1170 3133 Alcmanis
1197 3069 1299 3151 respi-

160 3183 275 3263 cimus,
304 3184 331 3246 si
359 3187 518 3264 quantum
546 3180 734 3264 Terpander
757 3180 893 3245 Lesbius
917 3180 1049 3263 eiusque
1073 3181 1223 3264 discipuli
1245 3200 1300 3244 va-

158 3294 280 3358 luerint
302 3294 345 3359 ad
367 3291 577 3359 excolendam
609 3292 746 3375 Spartae
777 3299 881 3357 artem
910 3292 1060 3378 lyricam,
1094 3298 1299 3376 reputamus,

159 3405 241 3470 nihil
263 3406 489 3473 admirationis
512 3403 638 3470 efficere
661 3410 780 3487 potest.
802 3443 847 3454 -

162 3584 310 3592 ——..
328 3584 368 3590 -.-

249 3703 271 3764 ¹)
290 3700 308 3756 l.
326 3699 344 3756 1.
359 3718 387 3769 p.
402 3700 463 3754 386.

248 3807 272 3868 ²5
292 3804 342 3859 clr.
358 3804 478 3859 Athen.
493 3803 567 3857 XIII.
583 3819 610 3872 p.
626 3801 718 3857 600F.
742 3801 837 3859 Snid.
854 3816 876 3857 s.
892 3818 918 3856 ν.
932 3798 1065 3879 Ἀλκμάν.

250 3908 270 3976 ³)
288 3907 322 3962 de
338 3923 406 3963 mus.
422 3923 445 3962 c.
463 3907 501 3958 14.

249 4016 269 4079 ⁴)
289 4011 322 4063 11.
339 4013 380 4063 ro.

252 4115 270 4183 ⁵)
289 4112 420 4174 Iacobs.
438 4112 549 4166 Anthol.
566 4113 587 4170 l.
603 4130 630 4182 p.
645 4114 704 4168 311.

250 4221 272 4286 ⁶)
290 4215 355 4272 ibid.
372 4216 406 4270 11.
421 4233 448 4284 p.
465 4216 508 4272 69.

251 4322 273 4386 ἵ)
292 4318 356 4374 ibid.
372 4320 408 4375 11.
423 4335 450 4390 p.
467 4319 526 4374 203.
