2990 4824
730 245 769 303 36

647 330 853 339 ——--———

179 447 262 510 riam
286 447 371 510 enim
393 446 596 510 harmoniam
618 446 798 528 partheniis
821 467 917 529 saepe
941 467 1013 512 eum
1037 446 1223 512 adhibuisse
1243 447 1320 523 Piu-

181 557 314 622 tarcbus
337 562 454 621 auctor
477 567 543 622 est:
557 559 582 642 ¹)
614 551 680 621 Oia
703 551 809 642 ἦγνόει
832 557 868 623 δὲ
898 560 957 645 (sc.
980 560 1105 643 Plato),
1136 552 1187 622 ὅτι
1213 557 1321 622 πολλὰ

180 663 281 756 δώρια
295 669 457 755 παρθένια
471 663 667 751 Ἀλκμᾶνι...
684 668 877 756 πεποίηται,
900 666 981 736 ἀλλὰ
1002 669 1065 757 μὴν
1086 669 1144 734 καὶ
1163 664 1216 733 ὅτι
1237 690 1321 757 προ-

180 775 276 846 σόδια
296 781 351 846 καὶ
373 788 517 860 παιᾶνες.
547 781 729 847 Referenda
756 782 819 847 huc
848 783 1022 865 parthenia
1052 789 1127 848 sunt
1155 783 1320 866 dactylico

180 897 329 979 rhythmo
354 897 581 982 composita.2)
617 897 793 980 Phrygium
816 896 947 961 modum
970 898 1039 980 ipse
1061 900 1158 978 poeta
1181 916 1321 962 comme-

180 1015 304 1080 morat:
321 1009 346 1095 3)
374 1004 514 1096 Φρύγιον
537 1001 673 1094 αὔλησιν
694 1006 793 1089 μέλος
817 1002 1006 1094 Κερβὴσιον.
1036 1008 1148 1091 Neque
1163 1029 1239 1072 vero
1256 1007 1321 1089 Ly·
1346 1011 1349 1016 '

180 1119 267 1184 dium
290 1120 422 1185 modum
450 1120 635 1204 ignorabat,
668 1120 702 1184 id
726 1120 813 1204 quod
835 1121 901 1184 iam
923 1120 997 1184 inde
1022 1119 1172 1202 colligere
1194 1119 1319 1202 possis,

180 1233 257 1314 quia
279 1233 349 1315 ipse
372 1235 503 1298 natione
526 1233 635 1316 Lydus
658 1233 735 1312 fuit,
766 1233 894 1297 etiamsi
925 1254 989 1297 non
1013 1237 1179 1296 exstarent
1201 1233 1322 1296 carmi-

180 1365 256 1408 num
273 1344 446 1426 reliquiae,
470 1366 607 1428 quorum
624 1343 773 1428 rhythmo
789 1343 873 1410 hanc
887 1344 1091 1409 harmoniam
1106 1343 1228 1426 optime
1244 1362 1320 1406 con-

179 1457 287 1520 venire
310 1463 424 1522 notum
448 1463 507 1522 est.
543 1456 664 1534 Quibus
693 1478 869 1522 annumero
897 1456 1100 1540 praeclarum
1127 1454 1209 1518 illud
1232 1453 1321 1536 frag-

180 1573 325 1632 mentum
342 1559 410 1648 ’60,
441 1569 628 1652 logaoedico
651 1557 754 1633 metro
779 1567 1051 1653 constructum&
1080 1587 1184 1649 neque
1211 1566 1321 1630 minus

182 1685 359 1761 systemata
381 1681 524 1745 numeris
547 1680 721 1745 trochaicis
745 1679 977 1764 composita,⁵)
994 1699 1132 1762 quorum
1153 1677 1216 1742 levi
1238 1679 1322 1743 mol-

178 1791 267 1874 lique
291 1792 407 1874 gradui
430 1792 584 1858 mollities
607 1792 703 1856 huius
725 1791 915 1856 barmoniae
937 1792 1075 1854 maxime
1099 1795 1178 1873 apta
1201 1795 1263 1856 est.

270 1903 417 1985 Organa,
440 1903 556 1985 quibus
579 1903 621 1966 ad
645 1902 808 1966 ducendos
832 1901 947 1968 choros
969 1924 1047 1966 usus
1071 1907 1134 1982 est,
1157 1901 1264 1984 lyram
1287 1906 1321 1968 et

180 2014 294 2079 tibiam
324 2018 393 2098 ipse
421 2017 621 2100 110minat36)
655 2036 758 2097 neque
793 2015 945 2096 magadin
974 2015 1111 2098 Lydiam
1140 2016 1319 2097 ignoravit,

179 2127 271 2192 cuius
301 2132 410 2191 tamen
440 2149 531 2207 usus,
571 2129 598 2191 si
628 2127 802 2210 fragmenti
833 2126 932 2191 verba
962 2128 1083 2192 acriter
1112 2127 1318 2210 inspicimus,

183 2239 320 2323 Spartae
343 2261 408 2304 non
430 2241 559 2304 videtur
581 2239 741 2303 admissus
763 2237 906 2322 fuisses)

266 2349 442 2430 Tibicines,
467 2353 521 2432 qui
545 2350 650 2415 choris
675 2351 743 2414 eius
766 2347 993 2429 concinebant,
1017 2351 1227 2416 nominantur
1251 2355 1319 2414 tres

180 2461 222 2526 ab
245 2461 431 2544 Athenaeo,
455 2465 586 2528 natione
609 2462 773 2548 Phryges:
799 2460 948 2542 SambaS,
973 2461 1081 2542 Adon,
1105 2462 1247 2547 Telos.⁸)

268 2668 287 2756 i)
306 2688 340 2740 de
358 2703 425 2741 mus
444 2705 466 2743 c.
485 2688 525 2740 17.
545 2705 570 2755 p.
593 2687 673 2753 13‚8.

242 2793 246 2800 “
267 2793 288 2860 ²)
307 2792 355 2844 cfr.
374 2790 522 2856 Boeokh,
540 2790 557 2842 l.
576 2791 593 2844 l.
611 2807 637 2858 p.
655 2790 715 2843 280.

232 2905 234 2909 ⁴
264 2892 286 2960 ³)
305 2893 356 2960 frg.
375 2893 417 2946 82.

265 2997 288 3062 4)
306 2996 355 3049 cfr.
374 3011 456 3064 supra
474 3013 499 3064 p.
518 2995 558 3048 28.
588 2994 732 3062 Mr'iller,
751 2995 837 3052 Dorcr
855 2997 889 3050 Π.
908 3014 935 3065 p.
954 2996 1012 3049 370.
1048 2997 1141 3050 Bode
1159 2997 1217 3052 ΙΙΙ).
1235 3015 1261 3066 p.
1278 3000 1317 3054 19.

267 3100 287 3166 ⁵)
305 3099 354 3154 cfr.
372 3099 526 3164 Bocchh,
544 3100 561 3154 l.
580 3099 597 3152 l.
616 3117 642 3167 p.
661 3100 721 3154 287.

266 3202 287 3269 ⁶)
305 3203 353 3256 cfr.
372 3203 423 3270 frg.
442 3202 476 3255 35
495 3208 521 3255 et
540 3204 589 3270 663
608 3202 641 3254 78
660 3209 686 3254 et
704 3202 746 3255 82.

269 3306 286 3373 ³)
305 3307 354 3360 cfr.
375 3306 427 3373 frg.
446 3309 496 3358 912
517 3305 633 3382 μάγαδιν
656 3307 678 3364 δ’
693 3305 860 3367 ἀποθέσθαι.

266 3413 287 3478 ³)
306 3411 430 3464 Athen.
450 3410 521 3464 XIV.
541 3409 593 3463 624
609 3409 640 3462 B.
669 3409 714 3465 cfr.
733 3410 785 3478 hg.
805 3410 862 3464 112.
