<?xml version="1.0" encoding="UTF-8"?>
<!DOCTYPE html PUBLIC "-//W3C//DTD XHTML 1.0 Transitional//EN"
    "http://www.w3.org/TR/xhtml1/DTD/xhtml1-transitional.dtd">
<html xmlns="http://www.w3.org/1999/xhtml" xml:lang="en" lang="en">
 <head>
  <title>
</title>
<meta http-equiv="Content-Type" content="text/html;charset=utf-8" />
  <meta name='ocr-system' content='tesseract 3.04.00' />
  <meta name='ocr-capabilities' content='ocr_page ocr_carea ocr_par ocr_line ocrx_word'/>
</head>
<body>
  <div class='ocr_page' id='page_1' title='image "./dealcmanepoetal00nigggoog_0036.png"; bbox 0 0 2990 4824; ppageno 0'>
   <div class='ocr_carea' id='block_1_1' title="bbox 166 303 1380 3722">
    <p class='ocr_par' dir='ltr' id='par_1_1' title="bbox 166 303 1380 908">
     <span class='ocr_line' id='line_1_1' title="bbox 715 303 753 359; baseline 0 0"><span class='ocrx_word' id='word_1_1' title='bbox 715 303 753 359; x_wconf 79' lang='lat'>27</span> 
     </span>
     <span class='ocr_line' id='line_1_2' title="bbox 168 502 1302 588; baseline -0.004 -18"><span class='ocrx_word' id='word_1_2' title='bbox 168 504 267 570; x_wconf 85' lang='lat' dir='ltr'>Aliud</span> <span class='ocrx_word' id='word_1_3' title='bbox 290 505 359 570; x_wconf 90' lang='lat' dir='ltr'>eius</span> <span class='ocrx_word' id='word_1_4' title='bbox 383 504 509 587; x_wconf 84' lang='lat' dir='ltr'>generis</span> <span class='ocrx_word' id='word_1_5' title='bbox 533 509 675 588; x_wconf 79' lang='lat' dir='ltr'><strong>systema</strong></span> <span class='ocrx_word' id='word_1_6' title='bbox 698 509 805 568; x_wconf 88' lang='lat' dir='ltr'>exstat</span> <span class='ocrx_word' id='word_1_7' title='bbox 827 503 887 586; x_wconf 84' lang='lat' dir='ltr'>srg.</span> <span class='ocrx_word' id='word_1_8' title='bbox 910 507 965 584; x_wconf 84' lang='lat'>76,</span> <span class='ocrx_word' id='word_1_9' title='bbox 989 502 1076 586; x_wconf 91' lang='lat' dir='ltr'>quod</span> <span class='ocrx_word' id='word_1_10' title='bbox 1098 525 1137 568; x_wconf 87' lang='lat' dir='ltr'>ex</span> <span class='ocrx_word' id='word_1_11' title='bbox 1156 502 1302 566; x_wconf 89' lang='lat' dir='ltr'>dimetris</span> 
     </span>
     <span class='ocr_line' id='line_1_3' title="bbox 166 612 1302 707; baseline -0.005 -24"><span class='ocrx_word' id='word_1_12' title='bbox 166 616 314 684; x_wconf 83' lang='lat' dir='ltr'><strong>iambicis</strong></span> <span class='ocrx_word' id='word_1_13' title='bbox 346 617 539 682; x_wconf 86' lang='lat' dir='ltr'>acatalectis</span> <span class='ocrx_word' id='word_1_14' title='bbox 569 617 782 699; x_wconf 88' lang='lat' dir='ltr'>compositum</span> <span class='ocrx_word' id='word_1_15' title='bbox 813 620 863 680; x_wconf 90' lang='lat' dir='ltr'>est</span> <span class='ocrx_word' id='word_1_16' title='bbox 891 613 972 680; x_wconf 78' lang='grc' dir='ltr'>κατὰ</span> <span class='ocrx_word' id='word_1_17' title='bbox 1001 612 1111 696; x_wconf 82' lang='grc' dir='ltr'><strong><em>στίχον</em></strong></span> <span class='ocrx_word' id='word_1_18' title='bbox 1138 615 1302 707; x_wconf 79' lang='lat' dir='ltr'>repetitis3</span> 
     </span>
     <span class='ocr_line' id='line_1_4' title="bbox 168 726 1380 810; baseline -0.002 -16"><span class='ocrx_word' id='word_1_19' title='bbox 168 729 316 794; x_wconf 78' lang='lat' dir='ltr'><strong>clausula</strong></span> <span class='ocrx_word' id='word_1_20' title='bbox 347 729 452 808; x_wconf 80' lang='lat' dir='ltr'>deest,</span> <span class='ocrx_word' id='word_1_21' title='bbox 486 727 543 792; x_wconf 91' lang='lat' dir='ltr'>sed</span> <span class='ocrx_word' id='word_1_22' title='bbox 566 728 739 793; x_wconf 91' lang='lat' dir='ltr'>dimetrum</span> <span class='ocrx_word' id='word_1_23' title='bbox 762 728 989 792; x_wconf 72' lang='lat' dir='ltr'>catalecticum</span> <span class='ocrx_word' id='word_1_24' title='bbox 1012 726 1112 791; x_wconf 88' lang='lat' dir='ltr'>fuisse</span> <span class='ocrx_word' id='word_1_25' title='bbox 1131 731 1303 810; x_wconf 78' lang='lat' dir='ltr'>consenta—</span> <span class='ocrx_word' id='word_1_26' title='bbox 1373 779 1380 792; x_wconf 71' lang='grc'>,</span> 
     </span>
     <span class='ocr_line' id='line_1_5' title="bbox 166 840 425 908; baseline -0.008 -2"><span class='ocrx_word' id='word_1_27' title='bbox 166 861 264 908; x_wconf 87' lang='lat' dir='ltr'>neum</span> <span class='ocrx_word' id='word_1_28' title='bbox 287 840 425 905; x_wconf 85' lang='lat' dir='ltr'>videtur.</span> 
     </span>
    </p>

    <p class='ocr_par' dir='ltr' id='par_1_2' title="bbox 167 951 1305 1708">
     <span class='ocr_line' id='line_1_6' title="bbox 254 951 1304 1035; baseline -0.003 -19"><span class='ocrx_word' id='word_1_29' title='bbox 254 953 344 1016; x_wconf 89' lang='lat' dir='ltr'>Haec</span> <span class='ocrx_word' id='word_1_30' title='bbox 368 952 494 1035; x_wconf 88' lang='lat' dir='ltr'>generis</span> <span class='ocrx_word' id='word_1_31' title='bbox 517 952 655 1035; x_wconf 89' lang='lat' dir='ltr'>duplicis</span> <span class='ocrx_word' id='word_1_32' title='bbox 678 957 871 1035; x_wconf 81' lang='lat' dir='ltr'>systemata,</span> <span class='ocrx_word' id='word_1_33' title='bbox 904 973 1001 1034; x_wconf 90' lang='lat' dir='ltr'>quum</span> <span class='ocrx_word' id='word_1_34' title='bbox 1026 951 1147 1034; x_wconf 91' lang='lat' dir='ltr'>partim</span> <span class='ocrx_word' id='word_1_35' title='bbox 1170 955 1304 1033; x_wconf 87' lang='lat' dir='ltr'>propter</span> 
     </span>
     <span class='ocr_line' id='line_1_7' title="bbox 167 1062 1304 1146; baseline -0.005 -16"><span class='ocrx_word' id='word_1_36' title='bbox 167 1065 363 1130; x_wconf 86' lang='lat' dir='ltr'>brevitatem</span> <span class='ocrx_word' id='word_1_37' title='bbox 387 1064 535 1128; x_wconf 91' lang='lat' dir='ltr'>ordinum</span> <span class='ocrx_word' id='word_1_38' title='bbox 559 1065 717 1128; x_wconf 90' lang='lat' dir='ltr'>comicum</span> <span class='ocrx_word' id='word_1_39' title='bbox 740 1063 903 1146; x_wconf 87' lang='lat' dir='ltr'>quoddam</span> <span class='ocrx_word' id='word_1_40' title='bbox 926 1068 959 1126; x_wconf 89' lang='lat' dir='ltr'>et</span> <span class='ocrx_word' id='word_1_41' title='bbox 981 1062 1140 1127; x_wconf 90' lang='lat' dir='ltr'>ludicrum</span> <span class='ocrx_word' id='word_1_42' title='bbox 1165 1063 1304 1144; x_wconf 86' lang='lat' dir='ltr'>spirent,</span> 
     </span>
     <span class='ocr_line' id='line_1_8' title="bbox 168 1173 1304 1257; baseline -0.006 -15"><span class='ocrx_word' id='word_1_43' title='bbox 168 1178 234 1242; x_wconf 89' lang='lat' dir='ltr'>alia</span> <span class='ocrx_word' id='word_1_44' title='bbox 258 1197 298 1242; x_wconf 83' lang='lat' dir='ltr'>ex</span> <span class='ocrx_word' id='word_1_45' title='bbox 320 1175 486 1242; x_wconf 84' lang='lat' dir='ltr'>ordinibus</span> <span class='ocrx_word' id='word_1_46' title='bbox 515 1178 549 1239; x_wconf 94' lang='lat' dir='ltr'>in</span> <span class='ocrx_word' id='word_1_47' title='bbox 577 1175 684 1240; x_wconf 90' lang='lat' dir='ltr'>thesin</span> <span class='ocrx_word' id='word_1_48' title='bbox 714 1173 935 1240; x_wconf 88' lang='lat' dir='ltr'>desinentibus</span> <span class='ocrx_word' id='word_1_49' title='bbox 966 1175 1145 1257; x_wconf 86' lang='lat' dir='ltr'>composita</span> <span class='ocrx_word' id='word_1_50' title='bbox 1174 1174 1304 1236; x_wconf 89' lang='lat' dir='ltr'>mollem</span> 
     </span>
     <span class='ocr_line' id='line_1_9' title="bbox 169 1285 1305 1372; baseline -0.006 -18"><span class='ocrx_word' id='word_1_51' title='bbox 169 1296 202 1354; x_wconf 90' lang='lat' dir='ltr'>et</span> <span class='ocrx_word' id='word_1_52' title='bbox 224 1288 412 1372; x_wconf 81' lang='lat' dir='ltr'>languidam</span> <span class='ocrx_word' id='word_1_53' title='bbox 434 1292 586 1353; x_wconf 87' lang='lat' dir='ltr'>naturam</span> <span class='ocrx_word' id='word_1_54' title='bbox 610 1309 688 1371; x_wconf 90' lang='lat' dir='ltr'>prae</span> <span class='ocrx_word' id='word_1_55' title='bbox 713 1309 746 1352; x_wconf 91' lang='lat' dir='ltr'>se</span> <span class='ocrx_word' id='word_1_56' title='bbox 769 1287 889 1365; x_wconf 80' lang='lat' dir='ltr'>ferant,</span> <span class='ocrx_word' id='word_1_57' title='bbox 911 1288 944 1350; x_wconf 91' lang='lat' dir='ltr'>in</span> <span class='ocrx_word' id='word_1_58' title='bbox 964 1285 1093 1349; x_wconf 89' lang='lat' dir='ltr'>levioris</span> <span class='ocrx_word' id='word_1_59' title='bbox 1109 1289 1236 1347; x_wconf 89' lang='lat' dir='ltr'>tantum</span> <span class='ocrx_word' id='word_1_60' title='bbox 1253 1306 1305 1348; x_wconf 91' lang='lat' dir='ltr'>ar·</span> 
     </span>
     <span class='ocr_line' id='line_1_10' title="bbox 169 1395 1305 1484; baseline -0.007 -19"><span class='ocrx_word' id='word_1_61' title='bbox 169 1402 313 1484; x_wconf 89' lang='lat' dir='ltr'>gumenti</span> <span class='ocrx_word' id='word_1_62' title='bbox 337 1400 548 1480; x_wconf 87' lang='lat' dir='ltr'>carminibus,</span> <span class='ocrx_word' id='word_1_63' title='bbox 571 1401 604 1463; x_wconf 92' lang='lat' dir='ltr'>in</span> <span class='ocrx_word' id='word_1_64' title='bbox 624 1401 806 1478; x_wconf 81' lang='lat' dir='ltr'>amatoriis¹</span> <span class='ocrx_word' id='word_1_65' title='bbox 823 1399 1023 1480; x_wconf 77' lang='lat' dir='ltr'>hymenaeiS,</span> <span class='ocrx_word' id='word_1_66' title='bbox 1040 1418 1105 1460; x_wconf 88' lang='lat' dir='ltr'>una</span> <span class='ocrx_word' id='word_1_67' title='bbox 1119 1395 1305 1479; x_wconf 88' lang='lat' dir='ltr'>parthenio-</span> 
     </span>
     <span class='ocr_line' id='line_1_11' title="bbox 168 1508 1305 1595; baseline -0.006 -19"><span class='ocrx_word' id='word_1_68' title='bbox 168 1533 241 1576; x_wconf 92' lang='lat' dir='ltr'>rum</span> <span class='ocrx_word' id='word_1_69' title='bbox 263 1517 357 1595; x_wconf 91' lang='lat' dir='ltr'>parte</span> <span class='ocrx_word' id='word_1_70' title='bbox 380 1510 421 1575; x_wconf 87' lang='lat' dir='ltr'>ab</span> <span class='ocrx_word' id='word_1_71' title='bbox 445 1513 614 1592; x_wconf 79' lang='lat' dir='ltr'>hiemans,</span> <span class='ocrx_word' id='word_1_72' title='bbox 638 1519 675 1575; x_wconf 90' lang='lat' dir='ltr'>ut</span> <span class='ocrx_word' id='word_1_73' title='bbox 697 1517 811 1594; x_wconf 90' lang='lat' dir='ltr'>postea</span> <span class='ocrx_word' id='word_1_74' title='bbox 831 1533 850 1574; x_wconf 93' lang='lat' dir='ltr'>a</span> <span class='ocrx_word' id='word_1_75' title='bbox 868 1511 973 1593; x_wconf 86' lang='lat' dir='ltr'>poetis</span> <span class='ocrx_word' id='word_1_76' title='bbox 988 1511 1111 1574; x_wconf 89' lang='lat' dir='ltr'>melicis</span> <span class='ocrx_word' id='word_1_77' title='bbox 1127 1514 1160 1572; x_wconf 89' lang='lat' dir='ltr'>et</span> <span class='ocrx_word' id='word_1_78' title='bbox 1176 1508 1305 1571; x_wconf 86' lang='lat' dir='ltr'>comicis</span> 
     </span>
     <span class='ocr_line' id='line_1_12' title="bbox 169 1626 470 1708; baseline 0 -20"><span class='ocrx_word' id='word_1_79' title='bbox 169 1630 327 1706; x_wconf 88' lang='lat' dir='ltr'>usurpata</span> <span class='ocrx_word' id='word_1_80' title='bbox 349 1630 433 1688; x_wconf 91' lang='lat' dir='ltr'>sunt.</span> <span class='ocrx_word' id='word_1_81' title='bbox 446 1626 470 1708; x_wconf 87' lang='lat'>¹)</span> 
     </span>
    </p>

    <p class='ocr_par' dir='ltr' id='par_1_3' title="bbox 169 1733 1309 3722">
     <span class='ocr_line' id='line_1_13' title="bbox 259 1733 1306 1820; baseline -0.003 -21"><span class='ocrx_word' id='word_1_82' title='bbox 259 1742 421 1817; x_wconf 76' lang='lat' dir='ltr'>Dactylici</span> <span class='ocrx_word' id='word_1_83' title='bbox 436 1743 554 1800; x_wconf 73' lang='lat' dir='ltr'>nunreri</span> <span class='ocrx_word' id='word_1_84' title='bbox 569 1741 760 1820; x_wconf 81' lang='lat' dir='ltr'>systemata,</span> <span class='ocrx_word' id='word_1_85' title='bbox 779 1757 861 1818; x_wconf 92' lang='lat' dir='ltr'>quae</span> <span class='ocrx_word' id='word_1_86' title='bbox 884 1758 922 1799; x_wconf 86' lang='lat' dir='ltr'>ex</span> <span class='ocrx_word' id='word_1_87' title='bbox 940 1735 1101 1818; x_wconf 85' lang='lat' dir='ltr'>Phrygum</span> <span class='ocrx_word' id='word_1_88' title='bbox 1118 1733 1222 1798; x_wconf 86' lang='lat' dir='ltr'>modis</span> <span class='ocrx_word' id='word_1_89' title='bbox 1237 1755 1306 1796; x_wconf 93' lang='lat' dir='ltr'>mu·</span> 
     </span>
     <span class='ocr_line' id='line_1_14' title="bbox 173 1846 1306 1932; baseline -0.004 -20"><span class='ocrx_word' id='word_1_90' title='bbox 173 1847 249 1912; x_wconf 90' lang='lat' dir='ltr'>sicis</span> <span class='ocrx_word' id='word_1_91' title='bbox 270 1855 398 1932; x_wconf 87' lang='lat' dir='ltr'>recepta</span> <span class='ocrx_word' id='word_1_92' title='bbox 421 1871 489 1913; x_wconf 89' lang='lat' dir='ltr'>esse</span> <span class='ocrx_word' id='word_1_93' title='bbox 513 1868 613 1931; x_wconf 88' lang='lat' dir='ltr'>supra</span> <span class='ocrx_word' id='word_1_94' title='bbox 634 1848 820 1932; x_wconf 71' lang='lat' dir='ltr'>diximus‚2)</span> <span class='ocrx_word' id='word_1_95' title='bbox 844 1849 1013 1912; x_wconf 87' lang='lat' dir='ltr'>severioris</span> <span class='ocrx_word' id='word_1_96' title='bbox 1034 1846 1216 1928; x_wconf 89' lang='lat' dir='ltr'>argumenti</span> <span class='ocrx_word' id='word_1_97' title='bbox 1232 1867 1306 1928; x_wconf 87' lang='lat' dir='ltr'>par-</span> 
     </span>
     <span class='ocr_line' id='line_1_15' title="bbox 173 1959 1305 2042; baseline 0 -19"><span class='ocrx_word' id='word_1_98' title='bbox 173 1959 304 2039; x_wconf 82' lang='lat' dir='ltr'>theniis,</span> <span class='ocrx_word' id='word_1_99' title='bbox 328 1960 442 2042; x_wconf 87' lang='lat' dir='ltr'>quibus</span> <span class='ocrx_word' id='word_1_100' title='bbox 458 1961 576 2024; x_wconf 86' lang='lat' dir='ltr'>Dorius</span> <span class='ocrx_word' id='word_1_101' title='bbox 592 1960 706 2024; x_wconf 88' lang='lat' dir='ltr'>modus</span> <span class='ocrx_word' id='word_1_102' title='bbox 723 1966 956 2024; x_wconf 84' lang='lat' dir='ltr'>consentaneus</span> <span class='ocrx_word' id='word_1_103' title='bbox 969 1966 1059 2037; x_wconf 87' lang='lat' dir='ltr'>erat,</span> <span class='ocrx_word' id='word_1_104' title='bbox 1070 1959 1096 2041; x_wconf 77' lang='grc'>3)</span> <span class='ocrx_word' id='word_1_105' title='bbox 1118 1961 1305 2041; x_wconf 87' lang='lat' dir='ltr'>saepissime</span> 
     </span>
     <span class='ocr_line' id='line_1_16' title="bbox 173 2070 1306 2156; baseline 0 -22"><span class='ocrx_word' id='word_1_106' title='bbox 173 2071 308 2136; x_wconf 87' lang='lat' dir='ltr'>Alcman</span> <span class='ocrx_word' id='word_1_107' title='bbox 330 2072 488 2137; x_wconf 89' lang='lat' dir='ltr'>adhibuit.</span> <span class='ocrx_word' id='word_1_108' title='bbox 534 2072 676 2136; x_wconf 84' lang='lat' dir='ltr'>Exstant</span> <span class='ocrx_word' id='word_1_109' title='bbox 704 2073 767 2136; x_wconf 91' lang='lat' dir='ltr'>duo</span> <span class='ocrx_word' id='word_1_110' title='bbox 792 2073 939 2155; x_wconf 85' lang='lat' dir='ltr'>exempla</span> <span class='ocrx_word' id='word_1_111' title='bbox 968 2072 1042 2156; x_wconf 84' lang='lat' dir='ltr'>(srg.</span> <span class='ocrx_word' id='word_1_112' title='bbox 1067 2076 1107 2134; x_wconf 85' lang='lat'>33</span> <span class='ocrx_word' id='word_1_113' title='bbox 1131 2077 1165 2135; x_wconf 86' lang='lat' dir='ltr'>et</span> <span class='ocrx_word' id='word_1_114' title='bbox 1187 2070 1243 2156; x_wconf 79' lang='lat'>34)</span> <span class='ocrx_word' id='word_1_115' title='bbox 1267 2093 1306 2134; x_wconf 83' lang='lat' dir='ltr'>ox</span> 
     </span>
     <span class='ocr_line' id='line_1_17' title="bbox 171 2183 1305 2265; baseline 0 -19"><span class='ocrx_word' id='word_1_116' title='bbox 171 2185 372 2248; x_wconf 89' lang='lat' dir='ltr'>tetrametris</span> <span class='ocrx_word' id='word_1_117' title='bbox 402 2184 592 2248; x_wconf 80' lang='lat' dir='ltr'>alternatim</span> <span class='ocrx_word' id='word_1_118' title='bbox 615 2184 805 2247; x_wconf 87' lang='lat' dir='ltr'>acatalectis</span> <span class='ocrx_word' id='word_1_119' title='bbox 829 2188 861 2246; x_wconf 90' lang='lat' dir='ltr'>et</span> <span class='ocrx_word' id='word_1_120' title='bbox 884 2183 1086 2246; x_wconf 85' lang='lat' dir='ltr'>catalecticis</span> <span class='ocrx_word' id='word_1_121' title='bbox 1111 2184 1305 2265; x_wconf 89' lang='lat' dir='ltr'>composita,</span> 
     </span>
     <span class='ocr_line' id='line_1_18' title="bbox 171 2293 1307 2376; baseline -0.002 -17"><span class='ocrx_word' id='word_1_122' title='bbox 171 2297 235 2359; x_wconf 90' lang='lat' dir='ltr'>nisi</span> <span class='ocrx_word' id='word_1_123' title='bbox 250 2294 342 2360; x_wconf 91' lang='lat' dir='ltr'>binos</span> <span class='ocrx_word' id='word_1_124' title='bbox 359 2300 567 2359; x_wconf 88' lang='lat' dir='ltr'>tetrametros</span> <span class='ocrx_word' id='word_1_125' title='bbox 588 2296 621 2358; x_wconf 91' lang='lat' dir='ltr'>in</span> <span class='ocrx_word' id='word_1_126' title='bbox 637 2301 851 2359; x_wconf 89' lang='lat' dir='ltr'>octametrum</span> <span class='ocrx_word' id='word_1_127' title='bbox 872 2296 1065 2376; x_wconf 90' lang='lat' dir='ltr'>coniungere</span> <span class='ocrx_word' id='word_1_128' title='bbox 1087 2295 1190 2358; x_wconf 88' lang='lat' dir='ltr'>malis.</span> <span class='ocrx_word' id='word_1_129' title='bbox 1213 2293 1307 2357; x_wconf 88' lang='lat' dir='ltr'>Clau·</span> 
     </span>
     <span class='ocr_line' id='line_1_19' title="bbox 171 2406 1305 2493; baseline -0.003 -21"><span class='ocrx_word' id='word_1_130' title='bbox 171 2408 243 2472; x_wconf 88' lang='lat' dir='ltr'>sula</span> <span class='ocrx_word' id='word_1_131' title='bbox 258 2407 392 2472; x_wconf 90' lang='lat' dir='ltr'>alterius</span> <span class='ocrx_word' id='word_1_132' title='bbox 409 2408 592 2489; x_wconf 87' lang='lat' dir='ltr'>systematis</span> <span class='ocrx_word' id='word_1_133' title='bbox 610 2406 684 2492; x_wconf 85' lang='lat' dir='ltr'>(frg.</span> <span class='ocrx_word' id='word_1_134' title='bbox 699 2407 755 2493; x_wconf 87' lang='lat'>33)</span> <span class='ocrx_word' id='word_1_135' title='bbox 777 2414 825 2469; x_wconf 88' lang='lat' dir='ltr'>est</span> <span class='ocrx_word' id='word_1_136' title='bbox 840 2411 1032 2470; x_wconf 86' lang='lat' dir='ltr'>tetrameter</span> <span class='ocrx_word' id='word_1_137' title='bbox 1045 2408 1140 2470; x_wconf 88' lang='lat' dir='ltr'>catal.</span> <span class='ocrx_word' id='word_1_138' title='bbox 1154 2408 1186 2471; x_wconf 92' lang='lat' dir='ltr'>in</span> <span class='ocrx_word' id='word_1_139' title='bbox 1199 2406 1305 2488; x_wconf 86' lang='lat' dir='ltr'>disyll.</span> 
     </span>
     <span class='ocr_line' id='line_1_20' title="bbox 170 2494 1307 2604; baseline -0.003 -20"><span class='ocrx_word' id='word_1_140' title='bbox 170 2525 245 2603; x_wconf 89' lang='lat' dir='ltr'>post</span> <span class='ocrx_word' id='word_1_141' title='bbox 268 2525 318 2584; x_wconf 90' lang='lat' dir='ltr'>ter</span> <span class='ocrx_word' id='word_1_142' title='bbox 340 2520 513 2602; x_wconf 86' lang='lat' dir='ltr'>repetitam</span> <span class='ocrx_word' id='word_1_143' title='bbox 530 2519 735 2602; x_wconf 87' lang='lat' dir='ltr'>octapodiam</span> <span class='ocrx_word' id='word_1_144' title='bbox 758 2494 901 2600; x_wconf 50' lang='lat' dir='ltr'>positum</span> <span class='ocrx_word' id='word_1_145' title='bbox 921 2519 1056 2582; x_wconf 89' lang='lat' dir='ltr'>alterius</span> <span class='ocrx_word' id='word_1_146' title='bbox 1074 2519 1144 2604; x_wconf 83' lang='lat'><strong>(34)</strong></span> <span class='ocrx_word' id='word_1_147' title='bbox 1161 2518 1307 2582; x_wconf 90' lang='lat' dir='ltr'>clausula</span> 
     </span>
     <span class='ocr_line' id='line_1_21' title="bbox 171 2629 1305 2713; baseline -0.002 -19"><span class='ocrx_word' id='word_1_148' title='bbox 171 2637 220 2694; x_wconf 90' lang='lat' dir='ltr'>est</span> <span class='ocrx_word' id='word_1_149' title='bbox 243 2631 451 2713; x_wconf 88' lang='lat' dir='ltr'>logaoedica:</span> <span class='ocrx_word' id='word_1_150' title='bbox 469 2637 658 2695; x_wconf 83' lang='lat' dir='ltr'>tetrameter</span> <span class='ocrx_word' id='word_1_151' title='bbox 682 2629 800 2712; x_wconf 87' lang='lat' dir='ltr'>dactyl.</span> <span class='ocrx_word' id='word_1_152' title='bbox 825 2629 953 2693; x_wconf 86' lang='lat' dir='ltr'>adiecta</span> <span class='ocrx_word' id='word_1_153' title='bbox 976 2629 1108 2712; x_wconf 89' lang='lat' dir='ltr'>dipodia</span> <span class='ocrx_word' id='word_1_154' title='bbox 1131 2630 1305 2695; x_wconf 90' lang='lat' dir='ltr'>trochaica.</span> 
     </span>
     <span class='ocr_line' id='line_1_22' title="bbox 172 2741 1306 2826; baseline -0.001 -19"><span class='ocrx_word' id='word_1_155' title='bbox 172 2743 356 2826; x_wconf 84' lang='lat' dir='ltr'>spondeum</span> <span class='ocrx_word' id='word_1_156' title='bbox 386 2744 458 2807; x_wconf 90' lang='lat' dir='ltr'>loco</span> <span class='ocrx_word' id='word_1_157' title='bbox 488 2743 609 2826; x_wconf 89' lang='lat' dir='ltr'>dactyli</span> <span class='ocrx_word' id='word_1_158' title='bbox 637 2764 713 2806; x_wconf 91' lang='lat' dir='ltr'>raro</span> <span class='ocrx_word' id='word_1_159' title='bbox 742 2741 933 2806; x_wconf 87' lang='lat' dir='ltr'>invenimus.</span> <span class='ocrx_word' id='word_1_160' title='bbox 970 2742 1067 2805; x_wconf 89' lang='lat' dir='ltr'>Aliud</span> <span class='ocrx_word' id='word_1_161' title='bbox 1096 2748 1306 2826; x_wconf 89' lang='lat' dir='ltr'>systematum</span> 
     </span>
     <span class='ocr_line' id='line_1_23' title="bbox 170 2855 1307 2940; baseline -0.001 -21"><span class='ocrx_word' id='word_1_162' title='bbox 170 2875 271 2936; x_wconf 79' lang='lat' dir='ltr'>genus</span> <span class='ocrx_word' id='word_1_163' title='bbox 293 2875 333 2919; x_wconf 86' lang='lat' dir='ltr'>ex</span> <span class='ocrx_word' id='word_1_164' title='bbox 363 2856 476 2919; x_wconf 80' lang='lat' dir='ltr'>metris</span> <span class='ocrx_word' id='word_1_165' title='bbox 507 2860 678 2936; x_wconf 79' lang='lat' dir='ltr'>claetylicis</span> <span class='ocrx_word' id='word_1_166' title='bbox 701 2871 728 2916; x_wconf 84' lang='lat' dir='ltr'>ct</span> <span class='ocrx_word' id='word_1_167' title='bbox 752 2861 968 2940; x_wconf 79' lang='lat' dir='ltr'>arzapaestiris</span> <span class='ocrx_word' id='word_1_168' title='bbox 991 2861 1127 2916; x_wconf 71' lang='lat' dir='ltr'>urr&#39;xhrm</span> <span class='ocrx_word' id='word_1_169' title='bbox 1155 2855 1307 2936; x_wconf 81' lang='lat' dir='ltr'>colligere</span> 
     </span>
     <span class='ocr_line' id='line_1_24' title="bbox 169 2965 1307 3051; baseline -0.002 -21"><span class='ocrx_word' id='word_1_170' title='bbox 169 2966 248 3031; x_wconf 88' lang='lat' dir='ltr'>licet</span> <span class='ocrx_word' id='word_1_171' title='bbox 271 2989 309 3031; x_wconf 86' lang='lat' dir='ltr'>ex</span> <span class='ocrx_word' id='word_1_172' title='bbox 331 2968 392 3051; x_wconf 89' lang='lat' dir='ltr'>frg.</span> <span class='ocrx_word' id='word_1_173' title='bbox 417 2972 459 3032; x_wconf 83' lang='lat'>28</span> <span class='ocrx_word' id='word_1_174' title='bbox 466 3005 509 3014; x_wconf 93' lang='lat'>-</span> <span class='ocrx_word' id='word_1_175' title='bbox 522 2972 577 3045; x_wconf 82' lang='grc'>33,</span> <span class='ocrx_word' id='word_1_176' title='bbox 601 2987 684 3048; x_wconf 89' lang='lat' dir='ltr'>quae</span> <span class='ocrx_word' id='word_1_177' title='bbox 702 2987 801 3047; x_wconf 92' lang='lat' dir='ltr'>quum</span> <span class='ocrx_word' id='word_1_178' title='bbox 819 2965 960 3029; x_wconf 87' lang='lat' dir='ltr'>eiusdem</span> <span class='ocrx_word' id='word_1_179' title='bbox 978 2967 1161 3047; x_wconf 85' lang='lat' dir='ltr'>argumenti</span> <span class='ocrx_word' id='word_1_180' title='bbox 1182 2968 1247 3029; x_wconf 89' lang='lat' dir='ltr'>sint</span> <span class='ocrx_word' id='word_1_181' title='bbox 1269 2987 1307 3028; x_wconf 87' lang='lat' dir='ltr'>ex</span> 
     </span>
     <span class='ocr_line' id='line_1_25' title="bbox 170 3077 1308 3162; baseline -0.001 -20"><span class='ocrx_word' id='word_1_182' title='bbox 170 3079 370 3162; x_wconf 81' lang='lat' dir='ltr'>mythologie</span> <span class='ocrx_word' id='word_1_183' title='bbox 386 3080 491 3143; x_wconf 87' lang='lat' dir='ltr'>Ulixis</span> <span class='ocrx_word' id='word_1_184' title='bbox 507 3080 618 3162; x_wconf 88' lang='lat' dir='ltr'>petiti,</span> <span class='ocrx_word' id='word_1_185' title='bbox 643 3100 682 3142; x_wconf 84' lang='lat' dir='ltr'>ex</span> <span class='ocrx_word' id='word_1_186' title='bbox 705 3078 818 3142; x_wconf 88' lang='lat' dir='ltr'>eodem</span> <span class='ocrx_word' id='word_1_187' title='bbox 843 3079 985 3142; x_wconf 87' lang='lat' dir='ltr'>carmine</span> <span class='ocrx_word' id='word_1_188' title='bbox 1009 3077 1159 3143; x_wconf 89' lang='lat' dir='ltr'>videntur</span> <span class='ocrx_word' id='word_1_189' title='bbox 1182 3078 1308 3160; x_wconf 87' lang='lat' dir='ltr'>reliqua</span> 
     </span>
     <span class='ocr_line' id='line_1_26' title="bbox 170 3189 1309 3276; baseline -0.002 -22"><span class='ocrx_word' id='word_1_190' title='bbox 170 3190 288 3276; x_wconf 77' lang='lat' dir='ltr'>esse⁴&gt;</span> <span class='ocrx_word' id='word_1_191' title='bbox 318 3192 483 3268; x_wconf 85' lang='lat' dir='ltr'>Quantum</span> <span class='ocrx_word' id='word_1_192' title='bbox 506 3191 652 3273; x_wconf 91' lang='lat' dir='ltr'>dignosci</span> <span class='ocrx_word' id='word_1_193' title='bbox 675 3195 797 3273; x_wconf 84' lang='lat' dir='ltr'>potest,</span> <span class='ocrx_word' id='word_1_194' title='bbox 823 3191 1008 3254; x_wconf 89' lang='lat' dir='ltr'>tetrametri</span> <span class='ocrx_word' id='word_1_195' title='bbox 1031 3189 1184 3273; x_wconf 87' lang='lat' dir='ltr'>dactylici</span> <span class='ocrx_word' id='word_1_196' title='bbox 1207 3197 1240 3254; x_wconf 89' lang='lat' dir='ltr'>et</span> <span class='ocrx_word' id='word_1_197' title='bbox 1262 3190 1309 3253; x_wconf 89' lang='lat' dir='ltr'>di-</span> 
     </span>
     <span class='ocr_line' id='line_1_27' title="bbox 172 3303 1308 3385; baseline -0.002 -19"><span class='ocrx_word' id='word_1_198' title='bbox 172 3305 269 3367; x_wconf 90' lang='lat' dir='ltr'>metri</span> <span class='ocrx_word' id='word_1_199' title='bbox 293 3304 494 3385; x_wconf 89' lang='lat' dir='ltr'>anapaestici</span> <span class='ocrx_word' id='word_1_200' title='bbox 518 3325 587 3366; x_wconf 88' lang='lat' dir='ltr'>scse</span> <span class='ocrx_word' id='word_1_201' title='bbox 611 3304 792 3385; x_wconf 85' lang='lat' dir='ltr'>excipiunt,</span> <span class='ocrx_word' id='word_1_202' title='bbox 824 3323 921 3385; x_wconf 89' lang='lat' dir='ltr'>quam</span> <span class='ocrx_word' id='word_1_203' title='bbox 944 3303 1080 3367; x_wconf 88' lang='lat' dir='ltr'>eandem</span> <span class='ocrx_word' id='word_1_204' title='bbox 1103 3303 1308 3385; x_wconf 88' lang='lat' dir='ltr'>compositio-</span> 
     </span>
     <span class='ocr_line' id='line_1_28' title="bbox 170 3397 1309 3501; baseline -0.001 -23"><span class='ocrx_word' id='word_1_205' title='bbox 170 3435 245 3478; x_wconf 87' lang='lat' dir='ltr'>nem</span> <span class='ocrx_word' id='word_1_206' title='bbox 269 3397 471 3479; x_wconf 84' lang='lat' dir='ltr'>Stesichorus</span> <span class='ocrx_word' id='word_1_207' title='bbox 495 3420 527 3478; x_wconf 90' lang='lat' dir='ltr'>et</span> <span class='ocrx_word' id='word_1_208' title='bbox 555 3414 671 3496; x_wconf 91' lang='lat' dir='ltr'>Ibycus</span> <span class='ocrx_word' id='word_1_209' title='bbox 698 3421 813 3498; x_wconf 89' lang='lat' dir='ltr'>postea</span> <span class='ocrx_word' id='word_1_210' title='bbox 841 3415 1094 3501; x_wconf 76' lang='lat' dir='ltr'>excoluerunt.⁵)</span> <span class='ocrx_word' id='word_1_211' title='bbox 1120 3415 1239 3478; x_wconf 87' lang='lat' dir='ltr'>Versus</span> <span class='ocrx_word' id='word_1_212' title='bbox 1262 3413 1309 3477; x_wconf 91' lang='lat' dir='ltr'>lo-</span> 
     </span>
     <span class='ocr_line' id='line_1_29' title="bbox 170 3524 1307 3610; baseline -0.002 -20"><span class='ocrx_word' id='word_1_213' title='bbox 170 3526 362 3609; x_wconf 84' lang='lat' dir='ltr'>gaoedicus,</span> <span class='ocrx_word' id='word_1_214' title='bbox 385 3527 441 3608; x_wconf 90' lang='lat' dir='ltr'>qui</span> <span class='ocrx_word' id='word_1_215' title='bbox 463 3526 523 3609; x_wconf 87' lang='lat' dir='ltr'>frg.</span> <span class='ocrx_word' id='word_1_216' title='bbox 546 3532 584 3591; x_wconf 90' lang='lat'>31</span> <span class='ocrx_word' id='word_1_217' title='bbox 609 3527 742 3610; x_wconf 82' lang='lat' dir='ltr'>legitur,</span> <span class='ocrx_word' id='word_1_218' title='bbox 766 3549 825 3610; x_wconf 94' lang='lat' dir='ltr'>pro</span> <span class='ocrx_word' id='word_1_219' title='bbox 850 3527 998 3592; x_wconf 89' lang='lat' dir='ltr'>clausula</span> <span class='ocrx_word' id='word_1_220' title='bbox 1021 3527 1172 3610; x_wconf 88' lang='lat' dir='ltr'>strophae</span> <span class='ocrx_word' id='word_1_221' title='bbox 1194 3524 1307 3590; x_wconf 88' lang='lat' dir='ltr'>haberi</span> 
     </span>
     <span class='ocr_line' id='line_1_30' title="bbox 169 3640 283 3722; baseline 0 -20"><span class='ocrx_word' id='word_1_222' title='bbox 169 3640 283 3722; x_wconf 90' lang='lat' dir='ltr'>possit.</span> 
     </span>
    </p>
   </div>
   <div class='ocr_carea' id='block_1_2' title="bbox 258 3914 1078 4398">
    <p class='ocr_par' dir='ltr' id='par_1_4' title="bbox 258 3914 1078 4086">
     <span class='ocr_line' id='line_1_31' title="bbox 264 3914 1078 3983; baseline 0 -15"><span class='ocrx_word' id='word_1_223' title='bbox 264 3915 280 3982; x_wconf 89' lang='lat'>¹)</span> <span class='ocrx_word' id='word_1_224' title='bbox 299 3915 346 3969; x_wconf 88' lang='lat' dir='ltr'>cfr.</span> <span class='ocrx_word' id='word_1_225' title='bbox 366 3914 539 3968; x_wconf 85' lang='lat' dir='ltr'>Rossbach</span> <span class='ocrx_word' id='word_1_226' title='bbox 559 3922 587 3968; x_wconf 87' lang='lat' dir='ltr'>et</span> <span class='ocrx_word' id='word_1_227' title='bbox 605 3916 776 3983; x_wconf 87' lang='lat' dir='ltr'>Westphal</span> <span class='ocrx_word' id='word_1_228' title='bbox 794 3917 841 3968; x_wconf 92' lang='lat' dir='ltr'>Ill.</span> <span class='ocrx_word' id='word_1_229' title='bbox 861 3933 886 3983; x_wconf 88' lang='lat' dir='ltr'>p.</span> <span class='ocrx_word' id='word_1_230' title='bbox 908 3915 956 3966; x_wconf 84' lang='grc'>135</span> <span class='ocrx_word' id='word_1_231' title='bbox 974 3925 1001 3966; x_wconf 84' lang='lat' dir='ltr'>et</span> <span class='ocrx_word' id='word_1_232' title='bbox 1022 3916 1078 3970; x_wconf 79' lang='lat'>153.</span> 
     </span>
     <span class='ocr_line' id='line_1_32' title="bbox 258 4019 452 4086; baseline -0.015 -14"><span class='ocrx_word' id='word_1_233' title='bbox 258 4023 278 4082; x_wconf 78' lang='grc'>2)</span> <span class='ocrx_word' id='word_1_234' title='bbox 298 4019 346 4072; x_wconf 87' lang='lat' dir='ltr'>cfr.</span> <span class='ocrx_word' id='word_1_235' title='bbox 365 4035 392 4086; x_wconf 92' lang='lat' dir='ltr'>p.</span> <span class='ocrx_word' id='word_1_236' title='bbox 411 4019 452 4070; x_wconf 82' lang='lat'>26.</span> 
     </span>
    </p>

    <p class='ocr_par' dir='ltr' id='par_1_5' title="bbox 261 4119 854 4188">
     <span class='ocr_line' id='line_1_33' title="bbox 261 4119 854 4188; baseline 0.003 -16"><span class='ocrx_word' id='word_1_237' title='bbox 261 4123 281 4185; x_wconf 76' lang='lat'>³)</span> <span class='ocrx_word' id='word_1_238' title='bbox 300 4119 346 4173; x_wconf 83' lang='lat' dir='ltr'>cfr.</span> <span class='ocrx_word' id='word_1_239' title='bbox 368 4120 445 4173; x_wconf 85' lang='lat' dir='ltr'>Plut.</span> <span class='ocrx_word' id='word_1_240' title='bbox 465 4119 684 4175; x_wconf 74' lang='lat' dir='ltr'>demrrsc.12</span> <span class='ocrx_word' id='word_1_241' title='bbox 703 4137 729 4188; x_wconf 86' lang='lat' dir='ltr'>p.</span> <span class='ocrx_word' id='word_1_242' title='bbox 749 4121 794 4188; x_wconf 90' lang='lat'>10,</span> <span class='ocrx_word' id='word_1_243' title='bbox 815 4121 854 4174; x_wconf 81' lang='lat'>12.</span> 
     </span>
    </p>

    <p class='ocr_par' dir='ltr' id='par_1_6' title="bbox 261 4223 905 4294">
     <span class='ocr_line' id='line_1_34' title="bbox 261 4223 905 4294; baseline 0.003 -18"><span class='ocrx_word' id='word_1_244' title='bbox 261 4225 282 4292; x_wconf 66' lang='lat'>⁴)</span> <span class='ocrx_word' id='word_1_245' title='bbox 301 4224 350 4278; x_wconf 87' lang='lat' dir='ltr'>cfr.</span> <span class='ocrx_word' id='word_1_246' title='bbox 368 4223 479 4290; x_wconf 86' lang='lat' dir='ltr'>Bergk</span> <span class='ocrx_word' id='word_1_247' title='bbox 498 4225 526 4277; x_wconf 90' lang='lat' dir='ltr'>in</span> <span class='ocrx_word' id='word_1_248' title='bbox 545 4225 643 4280; x_wconf 91' lang='lat' dir='ltr'>Philol.</span> <span class='ocrx_word' id='word_1_249' title='bbox 662 4224 732 4278; x_wconf 88' lang='lat' dir='ltr'>XVI.</span> <span class='ocrx_word' id='word_1_250' title='bbox 752 4242 779 4294; x_wconf 86' lang='lat' dir='ltr'>p.</span> <span class='ocrx_word' id='word_1_251' title='bbox 797 4226 849 4278; x_wconf 81' lang='grc'>590</span> <span class='ocrx_word' id='word_1_252' title='bbox 867 4241 905 4294; x_wconf 90' lang='lat' dir='ltr'>sq.</span> 
     </span>
    </p>

    <p class='ocr_par' dir='ltr' id='par_1_7' title="bbox 262 4327 942 4398">
     <span class='ocr_line' id='line_1_35' title="bbox 262 4327 942 4398; baseline 0.003 -18"><span class='ocrx_word' id='word_1_253' title='bbox 262 4328 282 4397; x_wconf 78' lang='lat'>⁵)</span> <span class='ocrx_word' id='word_1_254' title='bbox 300 4327 351 4382; x_wconf 86' lang='lat' dir='ltr'>cfr.</span> <span class='ocrx_word' id='word_1_255' title='bbox 369 4327 541 4382; x_wconf 85' lang='lat' dir='ltr'>Rossbach</span> <span class='ocrx_word' id='word_1_256' title='bbox 562 4333 589 4381; x_wconf 87' lang='lat' dir='ltr'>et</span> <span class='ocrx_word' id='word_1_257' title='bbox 606 4329 775 4398; x_wconf 86' lang='lat' dir='ltr'>Westphal</span> <span class='ocrx_word' id='word_1_258' title='bbox 793 4329 840 4382; x_wconf 86' lang='lat' dir='ltr'><strong>III.</strong></span> <span class='ocrx_word' id='word_1_259' title='bbox 857 4345 882 4397; x_wconf 89' lang='lat' dir='ltr'>p.</span> <span class='ocrx_word' id='word_1_260' title='bbox 901 4329 942 4382; x_wconf 80' lang='lat'>40.</span> 
     </span>
    </p>
   </div>
   <div class='ocr_carea' id='block_1_3' title="bbox 0 0 1502 4824">
    <p class='ocr_par' dir='ltr' id='par_1_8' title="bbox 0 0 1502 4824">
     <span class='ocr_line' id='line_1_36' title="bbox 0 0 1502 4824; baseline 0 0"><span class='ocrx_word' id='word_1_261' title='bbox 0 0 1502 4824; x_wconf 95' lang='lat' dir='ltr'> </span> 
     </span>
    </p>
   </div>
  </div>
 </body>
</html>
