2990 4824
744 255 784 315 28

284 457 332 522 De
356 456 589 540 compositione
618 458 768 524 ordinum
796 479 835 523 ex
861 478 995 524 numero
1019 457 1138 523 cretico
1162 457 1337 539 etiamne,

197 590 273 634 num
289 566 371 634 κατὰ
385 567 494 653 στίχον
509 591 551 634 au
566 573 774 653 systematioa
786 571 896 651 fucrit,
909 571 1023 653 nequit
1034 569 1209 653 quidquam
1222 570 1338 637 statui.

284 683 418 747 Praeter
441 681 521 747 haec
545 703 627 766 quae
651 683 807 766 descripsi
830 688 1006 766 systemata
1021 702 1086 747 non
1101 683 1205 748 solum
1220 681 1338 747 breves

198 794 366 877 strophae,
390 793 506 877 quibus
523 801 638 877 postea
652 801 768 878 poetae
784 793 932 859 Lesbiaci
948 794 1140 875 utebantur,
1163 793 1219 858 sed
1235 795 1338 859 etiam

199 906 374 988 longiores,
399 907 511 990 quales
533 908 667 972 Pindari
689 913 722 972 et
745 907 917 973 Simonidis
933 913 1026 987 sunt,
1043 907 1131 990 apud
1146 906 1337 972 alemanam

197 1019 412 1082 inveniuntur.
436 1019 558 1084 Prioris
576 1018 703 1102 generis
718 1019 852 1102 stropha
863 1021 1005 1084 occurrit
1022 1019 1082 1101 frg.
1097 1023 1153 1098 25,
1174 1017 1337 1084 extribus

198 1130 276 1194 colis
299 1132 496 1213 composita:
520 1131 685 1197 trochaico
708 1133 846 1200 dimetro
867 1133 983 1196 acatal.
1004 1151 1077 1195 oum
1101 1131 1269 1211 anacrusi,
1290 1131 1338 1195 di-

197 1247 301 1307 metro
324 1244 505 1308 acatalecto
529 1254 562 1308 et
585 1244 723 1309 dimetro
747 1245 948 1308 catalectico.
985 1243 1105 1309 Similis
1128 1247 1178 1306 est
1194 1237 1337 1325 'stropha

197 1354 257 1437 frg.
283 1360 333 1434 37,
359 1356 450 1418 cuius
472 1356 617 1419 membra
640 1362 716 1420 sunt
744 1356 881 1421 dimeter
905 1357 1089 1421 trochaicus
1116 1354 1234 1418 acatal.
1262 1375 1336 1419 cum

197 1457 360 1547 anacrusi,
385 1467 522 1531 dimeter
545 1468 641 1530 catal.
667 1488 694 1535 c.
717 1490 825 1532 anaor.
847 1474 879 1532 ct
902 1489 1012 1533 versus
1036 1468 1228 1550 Glyconeus.

284 1578 418 1643 Maioris
446 1580 543 1662 spatii
571 1581 705 1663 stropha
731 1581 834 1663 lyrica
864 1587 971 1645 exstat
999 1582 1033 1645 in
1062 1579 1198 1663 pulchro
1221 1578 1278 1643 illo
1303 1583 1336 1642 et

198 1690 285 1754 claro
305 1689 472 1777 f1·g.60‚1)
490 1693 580 1755 ouius
598 1694 780 1775 argumenti
798 1694 962 1757 venustati
979 1693 1140 1775 elegantia
1155 1677 1336 1755 metrorum

197 1804 319 1885 optime
342 1804 553 1868 accomodata
577 1812 635 1868 est.
659 1804 737 1868 Eius
761 1805 929 1887 strophae,
955 1826 1054 1886 quum
1073 1805 1202 1868 omnino
1223 1823 1336 1866 secun-

198 1914 275 1978 dum
298 1917 380 1979 artis
403 1895 490 1997 leges
515 1918 783 1996 constructam,
813 1917 908 1982 facile
937 1917 1083 2000 singulae
1109 1921 1237 1999 partes:
1262 1935 1336 1998 pro-

198 2027 292 2098 odus,
315 2047 391 2109 pars
414 2029 584 2110 primaria,
615 2028 738 2111 epodus
761 2029 1015 2112 distinguuntur.
1045 2028 1106 2093 Est
1127 2027 1332 2110 logaocdica‚

197 2137 333 2220 Lydiae,
358 2145 395 2202 ut
418 2141 576 2204 coniicere
597 2141 690 2220 licet,
713 2140 911 2205 harmoniae.
923 2141 948 2224 2)
972 2140 1091 2205 Forma
1114 2141 1183 2204 eius
1205 2140 1304 2204 haec:

352 2329 514 2395 Proodus:

427 2447 456 2516 Χ
541 2454 567 2516 Ι

412 2528 1113 2574 -υ-υυ-υυ-υ-υ-υ
1179 2496 1181 2502 ’

441 2641 460 2697 Ι
655 2641 677 2700 Ι

408 2714 814 2755 -υ--υ-υ-υ

351 2859 431 2923 Pars
454 2861 629 2942 primaria:

425 2979 460 3045 ><
561 2981 580 3043 Ι

415 3051 1130 3103 -υ-υυ-υυ-υ--υ--υ

436 3173 457 3242 Ι
721 3176 743 3238 Ι
915 3169 937 3241 Ι

417 3238 670 3286 -υυ--
694 3240 1083 3288 -υ-υ-υ-υ

504 3373 528 3430 l
706 3375 728 3444 Ι

411 3454 458 3464 -
486 3439 646 3486 -υ-
677 3437 1005 3486 -υυ-υυ-

352 3583 485 3668 Epodus
498 3604 505 3648 :

289 4184 308 4253 ¹)
326 4183 360 4238 de
379 4199 432 4252 quo
451 4183 500 4238 cfr.
517 4182 682 4248 Welcker,
702 4181 817 4234 Alcman
835 4198 861 4250 p.
879 4182 913 4234 24
931 4197 971 4250 sq.

288 4289 308 4358 ²)
326 4287 375 4342 cfr,
394 4286 484 4340 Bode
501 4286 560 4340 ΠΙ).
580 4302 605 4354 p.
626 4286 665 4339 18.
