2990 4824
720 239 759 297 38

171 462 206 504 re
231 461 341 505 omnes
365 440 585 520 consentiunt,
609 441 666 504 sed
690 441 773 504 alius
796 445 950 504 naturam
964 439 1159 504 Laconicam
1180 441 1216 504 in
1238 441 1307 504 eius

172 549 367 616 carminibus
384 551 470 614 cerni
487 557 519 615 et
542 552 701 616 declarari
724 552 901 631 existimat,
914 551 939 638 ¹)
961 551 1043 616 alius
1059 552 1226 616 Aeolicum
1240 573 1308 617 mo-

172 685 241 727 rem
263 667 295 726 et
316 661 458 726 indolem
482 664 511 726 ei
534 662 723 749 vindicati)
752 663 856 740 Quam
883 664 1121 745 quaestionem,
1149 669 1306 745 quantum

172 795 316 856 possum,
340 780 376 837 ut
398 780 550 838 accurate
575 775 750 857 explicem,
777 775 811 838 in
836 773 898 838 hoc
925 775 1031 856 capIte
1058 772 1136 836 mihi
1162 775 1310 858 proposi-

173 890 242 949 tum
265 890 323 952 cst.

259 997 415 1062 Nationes
446 997 590 1062 Graecae
621 1003 658 1062 ut
689 998 813 1078 indole,
844 997 1002 1078 moribuS,
1035 999 1211 1078 institutis,
1242 997 1312 1062 dia-

172 1110 279 1188 lectiS,
312 1110 408 1173 etiam
432 1110 538 1192 poesis
563 1109 683 1191 lyricae
706 1111 834 1192 ingenio
857 1110 1032 1192 plurimum
1055 1112 1140 1175 inter
1163 1131 1197 1174 εθ
1220 1109 1312 1174 diffe-

173 1220 306 1302 rebant,
330 1220 364 1285 id
387 1221 474 1303 quod
497 1227 529 1285 et
551 1243 609 1303 per
632 1243 665 1284 se
693 1221 841 1285 concludi
868 1227 975 1304 potest
1004 1227 1037 1286 et
1064 1221 1202 1295 historia
1230 1221 1312 1284 artis

130 1413 133 1418 Ι
174 1314 293 1416 lyricae
322 1337 389 1396 tam
418 1332 558 1396 dilucide
589 1334 759 1412 evincitur,
788 1339 825 1396 ut
852 1334 990 1415 amplius
1018 1333 1057 1397 de
1084 1355 1122 1397 ea
1144 1355 1180 1398 re
1203 1333 1312 1396 dicere

176 1465 450 1526 supervacaneum
480 1445 530 1511 sit,
566 1445 628 1508 Sed
657 1466 755 1526 quum
785 1467 882 1509 unam
911 1467 944 1508 se
973 1451 1100 1527 gentem
1129 1445 1250 1509 scirent
1280 1449 1313 1508 et

173 1562 286 1620 mutuo
309 1578 370 1620 usu
393 1561 491 1638 atque
515 1558 707 1622 commercio
736 1558 915 1622 arctissime
943 1559 1028 1621 inter
1057 1578 1090 1622 se
1120 1559 1313 1622 coniunctae

175 1674 298 1749 essent,
323 1669 401 1751 quid
423 1670 557 1747 mirum,
588 1669 649 1732 hac
672 1669 826 1751 loquendi
849 1668 1066 1750 audiendique
1090 1668 1313 1733 vicissitudine

176 1781 274 1844 etiam
296 1781 402 1863 poesis
429 1781 548 1864 lyricae
573 1802 654 1863 quae
685 1781 839 1862 cuiusque
870 1781 1011 1844 nationis
1039 1784 1173 1864 propria
1201 1786 1314 1856 erant,

114 1899 117 1906 '
173 1893 259 1956 inter
282 1914 316 1956 se
339 1893 441 1956 mixta
465 1898 497 1956 et
520 1893 653 1956 confusa
670 1895 764 1957 esse?
787 1893 876 1956 Haec
892 1895 1129 1976 proprietatum
1145 1893 1231 1956 inter
1248 1895 1310 1957 sin-

173 2004 323 2086 gularum
346 2004 513 2068 nationum
535 2011 649 2087 poetas
670 2005 787 2087 lyricos
804 2005 1052 2069 communicatio
1068 2011 1100 2069 et
1117 2005 1211 2086 quasi
1227 2026 1315 2069 com-

173 2116 329 2180 mercium
352 2118 447 2180 etiam
471 2117 595 2198 lingua,
625 2137 689 2198 qua
712 2115 901 2195 utebantur,
933 2118 1108 2198 perspicua
1129 2119 1188 2182 est.
1219 2115 1316 2180 Com-

174 2227 363 2291 mixtionem
387 2229 471 2292 enim
494 2228 584 2290 illam
608 2227 837 2306 dialectorum,
862 2249 944 2308 quae
966 2233 1137 2310 poetarum
1154 2226 1315 2292 Graeciae

173 2339 348 2423 lyricorum
370 2341 504 2422 propria
526 2342 560 2403 in
583 2339 680 2403 nullis
705 2339 772 2402 fere
795 2340 933 2403 aliarum
957 2341 1100 2422 gentium
1122 2339 1242 2403 litteris
1265 2341 1317 2403 in·

174 2451 316 2531 venitur,
340 2472 405 2515 non
427 2451 525 2515 fuisse
549 2450 757 2515 arbitrariam
781 2456 814 2515 ot
837 2473 876 2516 ex
896 2451 1030 2516 libidine
1051 2456 1181 2534 poetae,
1200 2451 1257 2515 sed
1276 2472 1316 2516 ex

175 2563 309 2628 consili0
333 2568 431 2645 atque
451 2563 532 2628 bene
552 2563 806 2643 consideratam,
832 2569 864 2628 et
887 2585 926 2627 ex
948 2565 1018 2645 ipso
1044 2561 1243 2626 Graecorum
1266 2563 1317 2626 in-

175 2677 284 2759 genio,
308 2697 372 2758 quo
395 2677 596 2759 aptissimam
621 2677 735 2759 cuique
758 2677 805 2740 rei
826 2680 862 2760 et
885 2678 1075 2757 argumento
1097 2671 1234 2738 formam
1257 2674 1316 2738 ad-

174 2787 286 2853 hibere
310 2788 469 2868 sciebant,
493 2789 666 2852 verisimile
690 2793 753 2867 est,
778 2786 911 2869 etquid
936 2785 996 2850 sibi
1019 2785 1111 2866 velit,
1141 2785 1202 2848 viri
1225 2785 1316 2850 docti

176 2901 233 2964 diu
256 2899 335 2964 satis
359 2905 587 2983 cognoverunt.
611 2901 804 2982 Progressus
827 2901 907 2974 artis
930 2898 1065 2982 lyricae,
1086 2902 1185 2981 prout
1207 2918 1227 2960 a
1249 2897 1318 2960 sin-

177 3013 261 3096 gulis
285 3012 470 3076 nationibus
490 3011 655 3095 profectus
673 3012 852 3093 ceterisque
868 3016 1043 3094 usurpatus
1060 3015 1124 3090 est,
1140 3008 1201 3073 hoc
1217 3007 1316 3074 modo

176 3123 379 3208 significatur
402 3130 435 3188 et
459 3125 660 3206 exprimitur.
672 3124 697 3210 ³)

264 3236 357 3314 Quod
381 3236 408 3300 si
431 3240 578 3316 constat,
601 3238 667 3300 iam
690 3237 831 3320 primum
850 3234 1069 3318 quaerendum
1090 3237 1155 3314 est,
1172 3253 1317 3315 quanam

177 3349 316 3414 dialecto
338 3349 474 3412 Alcman
497 3369 574 3412 usus
598 3351 650 3416 sit.
674 3349 819 3432 Apparet
841 3369 916 3412 vero
939 3353 972 3411 θῖ
995 3345 1186 3430 fragmentis
1209 3351 1242 3410 et
1266 3351 1318 3410 te·
1410 3345 1413 3350 '

271 3628 286 3696 ¹)
304 3627 377 3681 Idem
397 3629 430 3680 ΙΙ.
449 3643 474 3695 p.
493 3625 559 3679 469:
578 3626 618 3678 Er
636 3623 699 3678 darf
715 3623 758 3676 fur
776 3622 827 3676 den
844 3627 980 3676 trenesten
992 3621 1169 3676 Wortfuhrer
1182 3619 1229 3674 der
1242 3635 1320 3690 spar-

178 3715 320 3769 tanisoheu
338 3712 558 3782 Biirgerliohkeit
576 3711 675 3779 gelten.

266 3820 287 3886 ²)
305 3818 349 3872 W.
368 3817 510 3871 Teuffel
529 3817 556 3869 in
575 3817 668 3885 Pauly,
686 3813 884 3883 Encyclopaed.
903 3829 923 3868 ε.
942 3831 966 3866 v,
984 3813 1097 3866 Alcman
1118 3810 1170 3882 (ed.
1188 3810 1240 3875 IL).

265 3925 287 3990 ³)
307 3921 354 3975 cfr.
373 3921 508 3974 Ahrens
532 3920 560 3972 in
585 3920 660 3973 Actis
685 3936 758 3973 conc.
784 3919 879 3974 Philol.
906 3919 1032 3972 German.
1056 3915 1128 3970 XIII.
1155 3914 1319 3982 (Gottingen

181 4011 258 4064 1853l
279 4027 303 4076 p.
323 4008 373 4062 56:
398 4007 536 4059 Vielmehr
553 4007 643 4073 ergibt
661 4006 704 4058 die
722 4006 824 4058 nabere
843 4005 1038 4069 Betrachtung,
1057 4003 1119 4054 dass
1138 4001 1181 4052 die
1198 4002 1250 4052 Art
1269 4001 1319 4054 der

180 4097 425 4164 lAalectniisclrung
451 4093 554 4148 liberal]
579 4108 631 4144 von
658 4091 717 4144 dem
743 4091 1038 4157 Entwicklungsgange
1062 4089 1109 4141 der
1130 4086 1318 4154 griechischen

180 4186 316 4238 Literatur
343 4185 371 4236 in
398 4184 483 4236 ihrem
511 4180 699 4234 Verhtdtnisse
726 4195 760 4230 zu
788 4177 840 4229 den
869 4175 1079 4230 verschiedenen
1107 4175 1244 4228 St'ammen
1271 4173 1319 4226 ab·

180 4271 282 4340 liangig
302 4271 345 4324 ist.
