2990 4824
739 278 757 335 9

645 363 851 370 ——.--—-—

178 483 314 562 attinet,
344 482 421 563 quia
449 481 548 545 etiam
575 479 679 544 altera
707 481 868 544 sententia
890 477 1028 562 probata
1052 478 1133 544 nihil
1156 484 1205 542 est
1228 476 1315 560 quod

179 600 324 663 nostram
354 592 511 676 temporis
540 591 821 674 computationem,
851 613 947 674 quam
977 591 1017 655 do
1041 591 1195 656 Alcmene
1219 610 1317 672 supra

179 707 421 790 proposu'mus,
439 704 609 798 quominus
628 710 795 768 teneamus
814 704 989 788 impediat;
1013 725 1088 768 nam
1105 704 1182 785 quin
1197 722 1317 783 aequa-

179 819 243 884 lem
268 815 449 899 Tarpa-adri
472 815 629 878 iuniorem
651 816 839 880 Alcmanem
867 837 1038 898 ponamus,
1063 815 1143 878 nihil
1160 813 1278 878 obstat·
1292 813 1314 898 ¹)

181 930 286 994 Maior
314 927 494 992 difficultas
524 928 557 990 in
588 926 760 992 statuendo
789 927 948 992 secundae
980 926 1220 991 constitutionis
1248 947 1317 988 mu-

184 1042 268 1106 sicae
289 1047 434 1122 tempore
459 1037 603 1118 obvenit;
631 1059 728 1120 quam
751 1039 779 1102 si
802 1045 965 1104 extremae
988 1040 1075 1122 parti
1099 1037 1219 1102 saeculi
1247 1057 1318 1118 sep-

184 1153 256 1217 timi
271 1152 449 1216 attribuere
466 1151 659 1215 testimoniis
675 1158 820 1214 veterum
836 1151 1031 1233 scriptorum
1047 1151 1206 1232 cogimur,
1218 1169 1316 1230 quum

187 1263 372 1328 Alemanem
394 1283 459 1326 non
481 1267 558 1326 ante
581 1268 730 1326 auctores
753 1263 848 1326 huius
867 1264 1041 1328 catastasis
1056 1262 1203 1326 floruisse
1219 1281 1317 1343 supra

188 1373 452 1452 concesserimus,
476 1373 515 1437 de
539 1375 700 1438 sententia
721 1380 834 1438 nostra
857 1374 1076 1440 decedendum
1099 1374 1170 1440 erit.
1198 1372 1318 1436 Verum

185 1486 311 1549 etiamsi
336 1491 444 1548 cetera
468 1485 575 1549 omnia
597 1485 637 1548 de
661 1485 815 1550 Thaletae
838 1491 998 1570 tempore,
1029 1487 1067 1550 de
1091 1507 1154 1567 quo
1178 1486 1317 1567 primum

184 1619 237 1661 res
267 1598 388 1678 agitur,
422 1595 464 1659 ah
492 1597 564 1660 aliis
595 1597 782 1660 auctoribus
809 1599 932 1662 tradita
959 1599 1257 1682 praetermittamus
1286 1599 1318 1658 et

183 1730 283 1772 unum
307 1707 465 1771 Glaucum
488 1708 659 1790 Italum,²)
688 1709 778 1772 cuius
802 1709 895 1772 unius
919 1710 1115 1773 auctoritate
1139 1707 1315 1770 adversarii

183 1821 343 1900 nituntur,
368 1841 555 1902 sequamur,
587 1826 696 1883 tamen
725 1821 824 1884 etiam
854 1822 888 1884 in
916 1821 977 1885 hoe
1008 1820 1096 1884 fonte
1124 1818 1204 1882 nihil
1232 1839 1317 1897 esse,

184 1929 270 2012 quod
293 1932 476 2014 opinionem
500 1939 644 1995 nostram
673 1931 855 2012 subvertat,
883 1954 943 2015 pro
967 1938 1056 1996 certo
1080 1908 1317 1995 affirmaverim.

184 2042 383 2125 Interpretes
407 2044 506 2122 enim,
531 2044 587 2125 qui
610 2043 703 2108 nobis
727 2044 955 2123 adversantur,
979 2048 1091 2126 poetas
1114 2043 1186 2106 illos
1202 2046 1236 2106 et
1250 2063 1319 2106 mu-

184 2155 284 2233 sicos,
308 2154 477 2218 Thaletem
501 2160 705 2238 ceterosque,
737 2156 824 2238 quod
847 2177 867 2218 a
890 2155 1012 2219 Glauco
1036 2161 1185 2218 auctores
1208 2175 1319 2218 secun-

184 2267 245 2330 dae
269 2267 511 2331 constitutionis
526 2269 669 2332 musicae
685 2268 781 2332 simul
797 2267 1076 2352 enumerentur,³)
1098 2265 1201 2330 eidem
1217 2265 1318 2329 aetati

185 2378 427 2458 adscribendos,
445 2385 543 2460 atque
556 2400 654 2461 quum
664 2379 822 2444 Sacadam
835 2375 989 2461 Argivum
1003 2379 1128 2461 Olymp.
1141 2376 1285 2456 XLVIII,
1299 2381 1316 2440 3

186 2491 361 2553 certamine
372 2490 507 2572 Pythice
520 2491 634 2554 vicisse
647 2495 789 2570 constet,
800 2490 826 2577 ⁴)
844 2498 967 2554 ceteros
979 2491 1066 2554 haud
1079 2511 1177 2571 supra
1191 2489 1316 2571 Olymp.

183 2601 239 2664 XL
262 2601 466 2666 collocandos
489 2623 557 2665 esse
581 2601 836 2686 arbitrantur,⁵)
858 2623 924 2683 qua
940 2601 1210 2683 interpretatione
1227 2599 1318 2662 chro-

184 2712 344 2794 nologiam
366 2734 501 2795 prorsus
524 2713 642 2776 falsam
664 2713 739 2776 huic
762 2714 889 2777 auctori
913 2712 1110 2792 attribuunt,
1132 2733 1229 2794 quam
1252 2715 1318 2774 sta-

186 2831 276 2888 tuere
298 2845 401 2907 neque
425 2825 528 2888 voluit
550 2846 655 2906 neque
677 2825 794 2906 potuit.
817 2823 865 2888 Eo
883 2824 969 2905 quod
986 2824 1080 2890 simul
1097 2823 1316 2899 nominantur,

185 2936 327 3000 eiusdem
352 2938 469 3000 aetatis
493 2957 547 3000 eos
570 2935 667 3000 fuisse
690 2938 820 3022 minime
845 2937 993 2999 concludi
1015 2942 1136 3018 potest,
1153 2934 1318 2998 111111111-

184 3048 288 3110 ratius
316 3054 500 3131 spectantes
530 3052 564 3111 et
586 3056 704 3112 natura
730 3050 825 3113 huius
849 3050 1021 3112 catastasis
1045 3053 1078 3112 et
1100 3048 1179 3130 ipsis
1203 3045 1317 3110 Glauci

183 3157 288 3222 verbis
310 3159 394 3223 hanc
415 3161 569 3242 temporis
586 3161 818 3242 aequalitatem
834 3161 962 3224 excludi
979 3160 1072 3223 faede
1089 3158 1317 3240 intelligemus.

184 3257 289 3346 Quum*
311 3272 417 3354 prima
440 3273 630 3336 constitutio
654 3295 674 3335 a
697 3273 885 3357 Terpandro
910 3275 1061 3338 instituta
1088 3272 1130 3336 ad
1159 3271 1318 3334 citharoe-

183 3381 288 3447 dicam
321 3388 425 3448 artem
456 3385 610 3461 attineat,
639 3384 722 3450 hano
745 3387 880 3451 alteram
905 3387 1064 3449 auleticae
1086 3383 1317 3466 perlectionem

186 3569 390 3577 ——-—

239 3748 242 3758 ¹
294 3676 614 3746 Ι)1111111Π.11.390.
649 3676 738 3732 Bode
756 3679 808 3733 IIb.
826 3697 853 3748 p.
874 3682 915 3733 15.

291 3775 311 3840 ²)
329 3773 373 3825 Ex
386 3769 479 3824 Glauci
492 3771 563 3824 enim
575 3769 694 3838 Rheglni
705 3771 774 3826 libr0
792 3773 872 3850 „napi
886 3779 941 3831 τῶν
956 3772 1079 3852 ἀρχαίων
1091 3777 1213 3850 ποιητῶν
1228 3794 1259 3830 τε
1273 3772 1318 3830 καὶ

184 3865 343 3932 μουσικῶν“
366 3856 517 3923 conscripto
536 3872 599 3925 pars
617 3857 663 3910 illa
682 3858 744 3912 libri
756 3859 894 3912 Plutarchi
912 3859 974 3936 περὶ
996 3864 1131 3936 μουσικῆς
1149 3859 1182 3927 (c.
1195 3861 1219 3911 9.
1237 3863 1264 3910 ot
1278 3859 1319 3912 10.

181 3957 208 4009 p.
226 3945 277 4007 7.),
299 3957 368 4011 quae
393 3941 426 3994 de
449 3942 584 4009 primast
607 3943 725 3998 secunda
748 3945 874 3998 catastasi
895 3946 996 4000 musica
1019 3946 1088 4013 agit,
1111 3946 1250 4014 desumpta
1268 3951 1318 3998 cst.

182 4026 230 4080 cfr.
249 4026 446 4096 Westphal,
464 4026 535 4082 Plut.
554 4027 587 4080 de
605 4044 672 4082 mus.
690 4046 717 4098 p.
736 4031 769 4084 67
789 4045 827 4099 sq.

285 4123 306 4186 ³)
325 4122 385 4174 Plu
394 4128 411 4174 t.
431 4120 549 4177 demus.
569 4138 592 4177 1.
612 4125 636 4176 9.
654 4139 680 4191 p.
699 4128 723 4180 7.

285 4219 306 4282 ⁴)
326 4217 376 4271 cfr.
394 4216 489 4271 Paua.
507 4219 540 4272 X.
560 4223 585 4283 7,
603 4221 627 4272 3.

288 4310 489 4380 5)Μ1“11111,1
516 4314 570 4383 tp
598 4313 657 4367 286.
693 4315 806 4369 Haeclr
826 4316 873 4369 111.
890 4333 916 4383 p.
934 4316 986 4370 310
1003 4332 1042 4388 sq.
